3042 4942
742 401 913 473 ..2-

214 624 219 632 ¹
299 554 475 632 divulgata,
500 571 571 633 quae
595 569 651 613 rex
673 551 705 612 in
730 550 882 632 Hispania
905 551 1023 630 gessit,
1040 550 1073 610 in
1094 549 1196 612 sancti
1216 547 1361 631 Dionysii

299 658 546 738 cronicarcgali,
560 663 595 720 ut
610 657 689 718 mihi
703 657 890 737 scripsistis,
908 657 1072 737 repperire
1090 656 1233 736 plenarie
1249 661 1361 717 aucto-

298 767 375 828 ritas
386 771 492 827 vestra
507 764 661 845 nequivit.
674 763 773 843 lgitur
783 766 947 826 auctorem
959 763 1056 837 illius,
1069 768 1188 842 autpro
1197 767 1362 824 tantorum

300 878 428 934 actuum
445 871 604 950 scriptura
616 869 752 950 prolixa,
768 875 822 931 aut
839 869 914 950 quia
925 869 1011 930 idem
1024 869 1141 930 absens
1156 868 1195 930 ab
1208 866 1362 948 Hispania

298 995 335 1038 ea
355 975 529 1056 ignoravit,
546 973 682 1036 intentio
703 979 808 1035 vestra
828 971 984 1053 intelligat
1000 973 1131 1035 minime
1154 973 1246 1034 illum
1266 991 1304 1034 ea
1320 973 1362 1034 ad

298 1083 430 1164 plenum
449 1081 629 1160 scripsisse,
643 1086 675 1142 et
690 1085 797 1141 tamen
813 1098 973 1161 nusquam
985 1079 1137 1142 volumen
1159 1079 1246 1142 istud
1267 1079 1307 1140 ab
1324 1099 1363 1141 ea

299 1189 513 1250 discordasse.
530 1187 622 1248 Vivas
638 1194 669 1248 et
683 1188 788 1250 valeas
802 1194 834 1249 et
848 1187 985 1249 Domino
1000 1187 1139 1267 placeas
1155 1187 1267 1249 Amen.

731 1413 929 1426 ..ι-ιώ*-

298 1581 431 1651 Incipit
451 1581 604 1637 historia
627 1580 861 1637 famosissimi
885 1581 1008 1637 Karoli
1031 1582 1155 1652 magni
1178 1581 1360 1652 quomodo

335 1681 504 1737 tellurem
516 1680 744 1750 hispanicam
756 1684 793 1739 et
807 1679 1033 1750 galecianam
1045 1696 1067 1737 a
1077 1683 1260 1752 potestate
1276 1679 1361 1735 Sar-

335 1793 549 1835 racenorum
565 1778 747 1834 liberavit.

814 2001 842 2070 l.

410 2231 454 2291 lla
470 2248 506 2292 no
524 2249 604 2300 ouon
625 2247 790 2292 nrosronus
809 2230 934 2294 laconus
951 2231 1071 2296 Kanono
1089 2252 1244 2296 eremum.

337 2454 593 2518 Gloriosissimus
615 2474 753 2537 namque
780 2455 896 2518 Christi
922 2457 1087 2537 apostolus
1112 2457 1260 2531 lacobus,
1288 2457 1359 2518 aliis

299 2561 453 2640 apostolis
481 2567 512 2622 et
538 2560 709 2623 dominicis
743 2562 911 2643 discipulis
941 2563 1067 2624 diversa
1096 2564 1198 2625 cosmi
1224 2563 1361 2644 clymata

299 2666 510 2741 adeuntibus,
527 2672 562 2728 ut
577 2666 689 2741 fertur,
707 2668 831 2748 primus
847 2669 1005 2730 Galeciam
1021 2669 1219 2749 praedicavit.
1237 2668 1360 2729 lleindc

298 2776 368 2857 ejus
384 2775 526 2850 asseclae,
542 2775 720 2855 apostolico
738 2794 874 2856 corpore
892 2777 931 2838 ab
947 2777 1074 2839 Herode
1090 2796 1163 2856 rege
1177 2783 1358 2857 perempto,

299 2881 422 2944 scilicet
436 2900 453 2942 a
466 2880 661 2943 lerosolimis
677 2899 779 2961 usque
794 2882 834 2943 ad
846 2882 1006 2944 Galeciam
1021 2901 1079 2962 per
1094 2900 1180 2944 mare
1193 2882 1359 2970 translato,

299 2987 445 3052 eamdem
458 2987 617 3050 Galeciam
628 2984 895 3067 praedicaverunt.
911 2988 973 3050 Sed
985 2989 1046 3068 ipsi
1059 2988 1219 3050 Goleciani
1233 2993 1358 3068 postea,

298 3096 439 3176 peccatis
466 3095 532 3156 suis
561 3093 781 3174 exigentibus,
807 3093 904 3156 fidem
935 3101 1167 3175 postponentes
1192 3111 1293 3175 usque
1320 3093 1359 3155 ad

298 3201 405 3262 Karoli
421 3201 526 3283 magni
541 3201 744 3282 imperatoris
759 3199 990 3274 Romanorum,
1004 3201 1166 3262 Gallorum
1180 3207 1212 3262 et
1225 3201 1361 3261 Thente-

299 3307 447 3369 nicorum
462 3313 705 3386 ceterarumque
721 3308 864 3386 gentium
879 3312 1022 3387 tempus,
1040 3307 1155 3388 perfidi
1170 3313 1256 3369 retro
1271 3307 1360 3368 abie-

299 3421 385 3476 runt.
399 3413 456 3474 Hic
469 3431 545 3474 vero
556 3413 691 3474 Karolus
701 3418 874 3494 postquam
889 3413 998 3474 multis
1009 3414 1175 3476 laboribus
1189 3431 1247 3494 per
1260 3413 1360 3474 multa

300 3521 436 3602 clymata
455 3518 552 3580 orbis
576 3519 703 3580 diversa
727 3537 842 3598 regna,
869 3519 1016 3598 Angliam
1041 3520 1181 3593 scilicet,
1207 3519 1358 3592 Galliam,

298 3626 539 3699 Theutooicam,
556 3625 747 3700 Baioariam,
764 3625 1017 3705 Lothoringiam,
1035 3625 1266 3704 burgundiam,
1285 3625 1359 3686 Yta-

263 3761 266 3768 ·
298 3733 391 3805 liam,
407 3731 605 3793 Britanniam
621 3737 808 3812 ceterasque
824 3732 983 3811 regiones,
999 3731 1249 3811 innumerasque
1263 3731 1360 3792 urbes

298 3839 410 3901 amari
426 3857 529 3920 usqne
544 3839 583 3900 ad
595 3856 694 3912 mare,
708 3838 825 3900 divinis
841 3837 994 3899 subsidiis
1006 3837 1161 3910 munitus,
1179 3837 1358 3898 invincibili

298 3943 431 4005 brachio
447 3943 599 4023 potentiae
617 3961 683 4004 suae
707 3942 895 4022 acquisivit,
911 3947 943 4002 et
958 3961 975 4002 a
989 3941 1240 4002 Sarracenorum
1255 3941 1358 4002 mani·

297 4050 358 4112 bus
373 4049 519 4123 abstulit,
538 4048 625 4127 gravi
640 4047 751 4110 labore
766 4065 803 4108 ac
817 4053 907 4108 tanto
922 4047 1039 4108 sudore
1054 4046 1214 4125 fatigatus,
1235 4065 1275 4107 ne
1290 4063 1358 4107 am-

298 4154 383 4240 plius
406 4153 528 4216 bellum
551 4152 664 4228 iniret,
685 4157 718 4213 et
738 4157 774 4212 ut
792 4151 937 4232 requiem
958 4149 1021 4213 sibi
1046 4151 1152 4226 daret,
1170 4150 1356 4232 proposuit3
