3042 4942
676 424 867 494 ..43-

235 575 337 656 plius,
358 591 397 634 ne
418 572 500 633 forte
519 571 564 631 ibi
585 571 731 650 graviora
747 577 879 650 peccata
901 574 1150 634 committerent.
1175 573 1301 635 Etenim

237 680 342 740 voluit
361 678 425 738 iliis
444 695 504 756 pro
528 675 695 736 laboribus
719 674 785 735 suis
809 693 963 736 coronam
987 676 1114 738 celestis
1135 678 1222 756 regni
1243 697 1302 758 per

238 785 426 864 passionem
440 781 629 862 rependere.
648 780 873 860 illosveroqui
889 781 1037 842 fornicati
1053 787 1137 856 sunt,
1163 789 1300 844 mortem

236 888 387 967 permisit
399 887 577 958 incurrere,
591 885 666 965 quia
677 903 734 964 per
748 883 845 963 gladii
862 885 1046 964 passionem
1060 886 1161 946 voluit
1171 886 1300 947 illorum

237 997 373 1071 peccata
396 989 515 1050 delere.
541 988 606 1049 Neo
627 987 827 1049 credendum
852 989 1009 1070 estquod
1032 990 1301 1052 clementissimus

239 1097 326 1157 Deus
349 1095 489 1156 noluerit
512 1111 718 1154 remunerare
740 1100 920 1156 transactos
942 1095 1070 1158 labores
1093 1115 1216 1171 eorum,
1239 1099 1301 1159 sci-

239 1203 317 1262 licet
340 1201 394 1280 qui
417 1201 450 1262 in
471 1200 534 1260 tine
557 1217 675 1260 nomen
698 1200 766 1260 cius
790 1199 931 1262 confessi
952 1207 1026 1262 sunt
1046 1209 1178 1282 peccata
1201 1204 1302 1264 confi·

239 1314 362 1380 tentes;
381 1305 456 1367 licet
472 1306 558 1366 enim
578 1307 642 1366 sint
656 1305 818 1379 fornicati,
835 1313 941 1367 tamen
958 1326 1016 1387 pro
1036 1307 1150 1369 Christi
1173 1310 1302 1370 nomine

199 1477 202 1481 ,
240 1413 362 1474 suntin
377 1412 439 1472 fine
454 1411 625 1491 perempti.
643 1409 740 1489 igitur
757 1412 966 1491 pergentibus
986 1412 1025 1474 ad
1049 1413 1195 1493 praelium
1216 1421 1303 1494 patet

240 1519 317 1599 quia
332 1517 530 1597 pernitiosus
550 1517 590 1578 sit
614 1517 786 1578 comitatus
806 1517 1009 1579 feminarum.
1029 1517 1165 1589 Quidam
1182 1521 1300 1580 terreni

239 1624 416 1704 principes,
438 1623 552 1682 Darius
575 1621 699 1682 scilicet
719 1628 750 1682 et
771 1623 948 1696 Antonius
968 1623 1044 1684 olim
1070 1642 1142 1685 cum
1165 1644 1302 1686 uxorum

240 1729 396 1790 comitatu
417 1734 629 1808 perrexerunt
651 1728 682 1787 in
708 1727 842 1800 bellum,
860 1733 892 1788 et
912 1727 1008 1788 ambo
1029 1727 1073 1788 ibi
1099 1738 1300 1804 corruerunt,

240 1836 355 1908 Darius
369 1830 538 1914 superatus
553 1832 592 1893 ab
607 1833 802 1907 Alexandro,
818 1834 977 1895 Antonius
991 1833 1031 1894 ab
1047 1833 1221 1896 Octaviano
1236 1836 1301 1896 Au·

240 1948 347 2021 gusto.
373 1939 574 2026 Quapropter
595 1957 654 1999 nec
671 1939 774 2011 decet,
791 1958 851 1999 nec
874 1939 1003 2018 expedit
1018 1939 1129 2001 haberi
1150 1941 1301 2002 mulieres

240 2047 415 2119 incastris,
434 2045 488 2106 ubi
511 2044 612 2106 libido
633 2045 803 2105 castranda
824 2052 884 2117 est,
901 2045 1168 2124 impedimentum
1186 2048 1300 2107 animat

240 2161 273 2214 et
291 2153 431 2232 corpori.

282 2258 328 2318 iili
347 2257 405 2337 ,qui
430 2255 579 2316 inebriati
596 2261 627 2316 et
640 2255 790 2316 fornicati
810 2263 895 2330 sunt,
913 2257 1096 2335 significant
1117 2257 1300 2318 sacerdotes

241 2371 273 2425 et
287 2363 456 2442 religiosos
475 2363 572 2435 viros,
591 2367 703 2422 contra
719 2363 794 2421 vitia
807 2369 999 2441 pugnantes,
1017 2363 1135 2443 quibus
1147 2381 1211 2423 non
1226 2363 1301 2422 licet

241 2470 394 2531 inebriari
417 2475 448 2529 et
473 2467 662 2529 mulieribus
683 2469 906 2547 coinquinari3
932 2469 1067 2548 quodsi
1091 2468 1237 2540 iecerint,
1261 2467 1300 2528 ab

241 2580 382 2639 inimicis
403 2579 481 2650 suiS,
499 2577 532 2637 id
547 2583 595 2637 est
609 2597 626 2637 a
640 2576 856 2648 daemonibus,
880 2595 913 2636 se
935 2577 1083 2636 noverint
1099 2573 1300 2654 superandos

241 2693 273 2747 et
287 2691 406 2746 aeterna
424 2691 524 2745 morte
538 2683 740 2762 plectendos.

706 2946 828 3015 XXII.

313 3182 357 3242 Du
378 3197 516 3242 rassrouu
540 3180 732 3244 Roruocannr
753 3203 790 3243 ur
810 3200 906 3245 noma
929 3183 1062 3246 Maasruu
1081 3205 1120 3246 ur
1141 3205 1217 3250 roua

679 3288 851 3350 Bonosum.

279 3509 387 3589 itaquo
415 3515 544 3588 peracto
571 3509 669 3582 bello,
700 3529 773 3571 cum
805 3512 924 3572 rediret
958 3513 1180 3575 Rotholandus
1208 3515 1296 3576 solus

241 3633 337 3675 causa
351 3614 539 3693 explorandi
564 3616 718 3702 adversus
733 3636 886 3696 paganos,
905 3624 936 3678 et
953 3619 1058 3680 adhuc
1079 3620 1174 3698 longe
1195 3621 1234 3680 ab
1250 3621 1297 3682 eis

241 3722 389 3794 distaret,
406 3722 542 3782 vinvenit
572 3723 733 3801 quendam
762 3723 971 3784 Sarracenum
999 3733 1119 3799 atrum,
1147 3721 1295 3788 (labello

240 3828 373 3900 fessum,
390 3829 423 3887 in
445 3846 575 3888 nemore
601 3828 763 3902 latentem,
781 3836 811 3889 et
835 3837 963 3909 captum
986 3832 1091 3893 vivum
1114 3851 1295 3912 nexumque

242 3931 369 3992 sortiter
389 3951 461 3993 cum
488 3942 625 4013 quatuor
647 3935 777 3995 retortis
801 3935 839 3995 ad
864 3936 1010 3998 arborem
1030 3939 1200 4017 quamdam
1222 3957 1296 3999 eum

242 4037 374 4098 dimisit.
391 4039 478 4100 Tunc
495 4039 641 4100 ascendit
655 4041 686 4100 in
712 4047 853 4102 montem
869 4043 1052 4121 quemdam,
1076 4050 1107 4104 et
1119 4043 1297 4122 exploravit

166 4185 171 4192 -
241 4143 325 4218 iilos,
344 4151 375 4205 et
389 4145 469 4206 vidit
483 4148 557 4225 quia
572 4147 663 4207 multi
681 4153 783 4221 erant,
799 4153 830 4208 et
845 4148 940 4209 rediit
951 4156 1037 4210 retro
1052 4150 1090 4211 ad
1108 4150 1190 4212 viam
1206 4149 1294 4212 Run-
