3042 4942
724 371 915 441 ...54-

744 641 890 712 XXIX.

326 851 369 911 Du
385 869 553 913 serverum
568 851 761 914 Remmium
778 874 815 914 nv
828 873 1001 917 uenenorum
1014 875 1063 924 eur
1076 875 1153 918 arun
1172 857 1311 918 Bmmun

535 978 652 1034 seruum
668 979 752 1034 suus,
769 981 805 1022 nr
821 980 850 1022 m
862 981 991 1024 mvsasvs
1005 980 1095 1024 nudis.
1132 969 1133 972 ’

324 1181 455 1242 Beatum
473 1200 609 1260 namque
628 1181 868 1243 Rotliolandum
884 1201 980 1260 super
999 1182 1078 1242 duas
1101 1181 1203 1241 mulas
1219 1179 1352 1240 catheto

285 1305 381 1347 aureo
408 1287 612 1360 subvectum,
639 1287 744 1367 palliis
771 1293 890 1348 teetum
916 1307 1018 1367 usque
1043 1288 1188 1348 Blavinm
1211 1285 1352 1346 Karolus

285 1393 360 1454 l'erri
377 1393 453 1454 l'eeit
468 1394 519 1474 (l),
540 1401 571 1455 et
591 1395 623 1454 in
648 1394 733 1455 beati
750 1393 886 1455 Romani
907 1395 1050 1466 basilica,
1066 1374 1164 1474 'quam
1181 1394 1250 1472 ipse
1270 1391 1352 1451 olim

286 1497 510 1570 aedificaverat,
528 1499 767 1579 canonicosque
789 1499 950 1576 regulares
966 1499 1196 1571 intromiserat,
1211 1498 1351 1560 honori·

285 1603 345 1665 fiee
362 1603 521 1683 sepelivit,
535 1622 787 1683 mucronemque
804 1587 905 1682 ipsius
920 1604 960 1664 ad
975 1610 1071 1684 eaput
1082 1611 1113 1665 et
1127 1604 1238 1664 tubam
1254 1604 1352 1665 ebur-

285 1725 378 1766 neam
402 1705 441 1766 ad
461 1706 574 1785 pedes,
590 1707 714 1767 seilicet
735 1706 775 1768 ad
791 1706 889 1767 decus
913 1707 1027 1768 Christi
1042 1713 1074 1767 et
1096 1708 1206 1787 probae
1223 1708 1350 1768 militiae

284 1811 364 1883 elue,
383 1809 566 1889 suspendit;
585 1809 642 1870 sed
658 1816 689 1870 et
701 1810 812 1870 tubam
826 1810 906 1871 alius
920 1818 1033 1891 postea
1053 1811 1085 1870 in
1102 1791 1186 1872 beati
1202 1811 1348 1871 Severini

283 1916 449 1976 basilicam
475 1914 560 1993 apud
584 1914 797 1992 Burdegalam
817 1914 948 1993 indigne
971 1917 1144 1976 transtulit.
1166 1916 1252 1975 Felix
1269 1915 1350 1975 urbs

285 2021 497 2100 pinguissima
511 2021 623 2093 Blavii,
646 2039 716 2098 qum
730 2025 820 2080 tanto
831 2020 957 2099 hospite
971 2020 1153 2092 decoratur,
1171 2021 1262 2081 euius
1278 2039 1351 2080 eor-

284 2126 386 2205 povali
414 2125 528 2185 solatio
543 2125 679 2198 laetatur,
708 2126 776 2185 eius
796 2125 948 2185 subsidiis
968 2127 1129 2186 munitur!
1146 2126 1240 2204 Apud
1262 2125 1349 2185 Beli-

285 2247 361 2290 num
375 2229 527 2307 sepelitur
543 2227 699 2302 Oliverns,
717 2236 748 2289 et
764 2229 993 2291 Gandelbndus
1008 2249 1064 2290 rex
1080 2229 1201 2301 Frisiae‚
1219 2234 1251 2288 et
1263 2227 1349 2307 (lge-

284 2336 350 2396 rius
366 2353 419 2395 rex
434 2335 550 2407 llaeiae,
567 2336 800 2414 etArastagnus
816 2355 871 2396 rex
884 2335 1068 2408 Britanniae,
1083 2341 1114 2395 et
1129 2335 1265 2396 Garinus
1282 2335 1351 2395 dux

285 2441 509 2518 Lotlraringiae,
528 2446 559 2500 et
578 2441 630 2501 alii
655 2442 755 2502 multi.
773 2441 859 2501 Felix
874 2442 950 2502 villa
964 2441 1134 2502 macilenta
1156 2441 1257 2502 Belini
1274 2461 1349 2520 quae

285 2547 381 2606 tantis
394 2545 750 2606 heroibuslronoraturt
765 2547 859 2625 Apud
868 2546 1080 2623 Burdegalam
1092 2546 1251 2606 cimiterio
1260 2546 1350 2606 beati

285 2651 428 2711 Severini
454 2651 607 2730 sepelitur
632 2650 776 2713 Gail'erus
796 2670 851 2712 rex
883 2652 1142 2730 burdegalensis,
1170 2651 1351 2730 Engelerus

320 2879 355 2948 (l)
374 2881 408 2932 el.
423 2881 538 2940 Rotund,
554 2896 578 2931 v.
596 2884 661 2931 3619
676 2883 744 2931 suiv.
760 2879 818 2947 (e'd.
835 2879 975 2948 Gautier):

489 2975 589 3024 Mantet
602 2975 619 3024 11
634 2977 686 3026 reis
699 2989 713 3025 e
728 2977 750 3025 si
767 2975 846 3026 hume
862 2977 983 3037 trastuit,

487 3161 564 3209 Vient
578 3157 593 3209 a
608 3159 719 3209 Burdele
731 3159 757 3209 la
771 3161 834 3210 citet
848 3160 989 3210 deantur:

488 3256 573 3302 Desnr
587 3252 673 3302 l'alter
688 3255 757 3302 seint
773 3254 865 3302 Sevrin
879 3253 903 3302 le
915 3253 1001 3303 barun

488 3349 541 3396 Met
557 3345 670 3396 l'nlifant
684 3347 755 3410 plein
770 3346 827 3396 d'or
840 3361 854 3396 e
867 3347 899 3397 de
914 3361 1067 3411 manguns:

488 3442 516 3490 Li
531 3440 632 3504 pelerin
647 3440 670 3490 le
685 3442 773 3490 velent
787 3440 813 3490 ki
826 3438 852 3490 la
866 3443 940 3490 vunt.

489 3538 582 3586 Passet
598 3535 713 3585 Girunde
728 3533 743 3584 la
758 3535 826 3585 mult
840 3549 921 3600 granz
937 3536 995 3586 nefs
1009 3535 1042 3584 k'i
1059 3539 1140 3586 sunt:

488 3627 648 3692 Eutresqu'a
663 3629 751 3678 Blaive
766 3629 800 3678 ad
812 3629 926 3679 eunduit
938 3643 988 3678 sun
1005 3629 1102 3678 nevuld

487 3728 507 3776 E
521 3726 619 3776 Olivier
634 3740 684 3776 sun
700 3725 779 3776 noble
794 3727 978 3789 eumpaignun

487 3822 506 3868 E
521 3819 722 3883 l'Arcevesque,
739 3819 764 3867 ki
779 3819 817 3869 lut
834 3831 913 3882 sagas
926 3832 939 3867 e
954 3832 1038 3882 pruz:

487 3917 525 3964 En
539 3913 633 3963 blancs
646 3927 756 3964 sareous
768 3913 815 3963 fait
828 3915 911 3962 metra
923 3912 962 3962 les
976 3914 1113 3977 seignurs,

488 4009 508 4055 Α
522 4006 724 4056 seint-Romam
739 4021 744 4053 :
760 4002 786 4054 lb
798 4005 886 4068 gisent
898 4002 917 4050 11
932 4003 1027 4053 berun.

486 4102 570 4150 Franc
585 4099 624 4148 les
639 4097 802 4148 eumandent
817 4095 832 4146 a
846 4098 913 4146 bien
927 4109 941 4145 e
954 4093 969 4145 11
983 4110 1025 4145 ses
1041 4111 1121 4148 nuns.
