3042 4942
680 382 871 451 ..16-

242 539 275 595 et
295 529 519 594 circumcinxit
538 546 651 590 omnes
669 545 777 589 muros
800 527 880 600 eius,
899 531 1016 606 praeter
1041 526 1131 588 illum
1158 527 1211 606 qui
1238 532 1308 587 erat

243 645 355 702 contra
368 637 511 699 durium.
530 636 664 696 [tamum
679 632 876 713 aigolandus
889 638 984 694 nocte
993 615 1140 713 sequenti
1155 652 1229 695 cum
1239 633 1308 694 suis

144 779 147 784 ·
242 743 436 808 exercitibus
454 741 605 820 aufugere
626 759 682 820 per
704 739 838 800 fluvium
859 739 967 818 ccepit.
984 739 1118 800 Karolus
1143 758 1220 800 vero
1236 740 1308 801 haec

242 848 500 912 animadvertens
515 847 706 925 insequutus
719 863 793 906 eum
808 849 856 904 est
870 849 901 905 et
916 843 1037 910 occidit
1051 862 1158 923 regem
1176 843 1308 923 Agabiae

243 962 275 1018 et
288 972 397 1033 regem
407 952 527 1031 Bugiae‚
544 951 688 1030 aliosque
710 951 828 1010 multos
850 968 993 1029 paganos
1013 949 1141 1010 circiter
1165 956 1307 1029 quatuor

246 1060 356 1122 millia.

744 1299 812 1374 XI.

295 1536 338 1597 DE
359 1553 435 1598 FUGA
458 1536 620 1598 dicendum
643 1554 679 1596 ΕΤ
699 1555 736 1596 ΒΕ
759 1553 903 1597 nummus
926 1554 1114 1598 exunclruun
1138 1536 1262 1598 Kanum.

290 1786 377 1848 Tunc
390 1785 587 1866 aigolandus
607 1785 733 1865 fugiens
751 1787 958 1847 transmeavit
980 1792 1093 1867 portus
1116 1785 1261 1847 Cisereos
1282 1791 1314 1846 et

251 1889 344 1952 veuit,
360 1909 460 1971 usque
482 1890 733 1970 Pampiloniam‚
761 1896 793 1951 et
821 1891 983 1951 mandavit
1010 1891 1127 1952 Karoia
1157 1889 1313 1970 quodibi

250 2001 433 2074 expectaret
448 2013 522 2055 eum
545 2013 640 2056 causa
662 1995 813 2056 bellandi.
830 1995 898 2066 Quo
922 1995 1042 2068 audito,
1063 1995 1196 2056 Karalus
1220 1995 1314 2055 rediit

251 2100 284 2161 in
301 2100 432 2162 Galliam
448 2106 479 2160 et
495 2118 569 2160 cum
584 2119 708 2162 summa
724 2121 800 2162 cura
815 2120 927 2162 omnes
944 2101 1103 2162 exercitus
1128 2119 1203 2162 suus
1218 2101 1313 2179 longe

252 2206 379 2287 lateque
395 2206 435 2267 ad
450 2206 608 2282 sevenire
624 2206 797 2280 mandavit,
815 2213 846 2268 et
861 2207 1015 2287 praeeepit
1026 2204 1183 2267 mandans
1197 2224 1255 2286 per
1269 2212 1316 2266 to-

253 2318 318 2373 tam
335 2311 483 2386 Galliam,
500 2318 533 2372 ut
552 2330 664 2374 omnes
691 2313 790 2386 servi,
805 2313 859 2392 qui
878 2313 936 2374 snb
959 2312 1050 2373 malis
1076 2311 1316 2373 consuetudini-

254 2416 315 2479 bus
332 2436 506 2498 pravorum
525 2417 731 2480 dominorum
756 2419 877 2497 religati
907 2418 1110 2491 tenebantur,
1128 2418 1233 2478 soluta
1248 2436 1314 2478 ser-

258 2524 354 2586 vitute
377 2524 499 2604 proprii
522 2525 646 2605 capitis,
671 2532 702 2586 et
723 2525 908 2586 venditione
935 2525 1093 2605 deposita,
1123 2542 1196 2586 cum
1227 2523 1316 2584 omni

255 2630 408 2709 progenie
439 2649 496 2690 sua
517 2631 668 2709 praesenti
688 2637 719 2691 et
743 2636 873 2690 ventura
898 2631 1053 2710 usquein
1086 2629 1317 2710 sempiternum

255 2735 349 2796 liberi
361 2742 597 2815 permanerent,
608 2741 639 2796 et
649 2755 688 2796 ne
700 2737 794 2796 alicui
804 2737 889 2814 genti
901 2736 1046 2798 barbarae
1056 2735 1168 2797 Franci
1180 2735 1317 2815 amplius

258 2841 425 2915 servirent,
442 2841 485 2901 ilii
499 2841 621 2902 scilicet
632 2843 685 2922 qui
702 2861 775 2903 curn
787 2824 825 2903 ec
839 2843 870 2902 in
884 2841 1070 2922 Hispaniam
1083 2843 1123 2904 ad
1135 2860 1319 2922 expugnan-

258 2944 331 3007 dam
345 2951 473 3024 gentem
489 2946 645 3026 perfidam
668 2947 766 3020 irent,
789 2948 952 3028 praecepit.
970 2947 1053 3019 Quid
1073 2948 1188 3027 plura?
1205 2965 1318 3008 omnes

258 3052 353 3113 etiam
383 3071 464 3133 quos
485 3053 652 3132 ergastulis
677 3059 787 3134 captos
811 3054 962 3134 repperit,
994 3055 1149 3128 absolvit;
1178 3061 1209 3116 et
1236 3072 1319 3134 qnos

259 3176 416 3238 pauperes
425 3158 560 3242 invenit,
574 3158 632 3219 hes
649 3158 760 3219 ditavit
774 3179 780 3232 ;
795 3159 899 3220 nudos
913 3160 1038 3220 vestivit
1051 3179 1057 3232 ;
1077 3159 1244 3221 malivolos
1261 3177 1318 3238 pa·
1350 3153 1355 3161 ’

260 3263 416 3337 cificavit;
435 3263 586 3343 expulsos
601 3264 640 3324 ab
656 3265 832 3326 hereditate
848 3265 1028 3326 bonoribus
1042 3267 1182 3346 propriis
1199 3267 1319 3327 releva-

262 3368 316 3441 vit,
342 3386 454 3429 omnes
482 3369 578 3430 armis
617 3369 741 3443 doctos,
770 3377 802 3432 et
840 3371 1017 3450 scutigeros
1046 3372 1172 3432 militari
1209 3371 1320 3432 babitu

260 3474 437 3536 honorifice
446 3474 616 3550 ordinavit,
630 3481 662 3537 et
676 3495 757 3556 quos
770 3477 809 3537 ab
818 3495 925 3538 amore
935 3497 993 3539 suo
1008 3479 1089 3539 iuste
1102 3483 1318 3558 separaverat,

262 3578 317 3638 bei
344 3577 516 3640 dilectione
550 3587 774 3662 compunctus,
805 3581 844 3642 ad
872 3582 1043 3644 amicitiam
1070 3601 1160 3644 suam
1189 3583 1321 3643 omniuo

263 3687 437 3760 convertit3
453 3687 574 3749 amices
587 3689 682 3749 etiam
695 3695 726 3750 et
736 3689 896 3762 inimicos,
911 3689 1107 3750 domesticos
1121 3697 1152 3750 et
1168 3689 1322 3750 barbaros

265 3795 304 3856 ad
320 3793 520 3875 pergendum
536 3793 568 3854 in
584 3793 768 3873 Hispaniam
785 3811 896 3854 ornnes
912 3794 972 3854 sibi
990 3795 1177 3865 associavit;
1195 3802 1226 3856 et
1242 3813 1323 3874 quos

158 3965 161 3972 ,
264 3919 319 3962 rex
339 3898 399 3961 sibi
422 3899 564 3961 sociabat
587 3899 627 3960 ad
646 3898 892 3979 expugnandam
913 3905 1041 3978 gentem
1069 3901 1243 3981 perfidam,
1263 3919 1322 3980 ego

173 4027 190 4088 g
264 4007 423 4088 Turpinus
441 4006 603 4067 dominica
621 4005 820 4075 auctoritate,
843 4011 874 4065 et
896 4010 1004 4067 nostra
1032 4006 1271 4081 benedictione,
1293 4013 1325 4068 et

258 4094 482 4186 absolutione,
498 4112 557 4173 bos
568 4131 584 4172 a
595 4110 736 4192 peccatis
750 4109 873 4170 cunctis
889 4109 1082 4173 relaxabam.
1096 4110 1195 4185 Tunc,
1209 4111 1325 4173 coadu-
