3042 4942
739 409 934 488 -2a-
1044 427 1047 435 '

303 565 359 626 sed
382 572 493 646 posteo
517 563 557 625 ud
575 564 652 625 uitia
675 563 898 637 redeuntium
915 564 990 644 quia
1010 564 1094 625 sicut
1113 564 1170 638 illl,
1194 571 1370 646 postquam

303 673 452 734 inimicos
477 683 552 734 suos
575 671 777 744 devicerunt,
803 671 842 732 ad
871 678 1029 746 mortuos,
1055 673 1242 753 cupiditatis
1259 687 1367 749 eausa,

303 779 479 853 redierunt,
495 784 526 839 et
539 775 776 838 interficiuntur
794 777 833 838 ab
849 777 1000 852 inimicis,
1018 779 1064 840 sie
1083 779 1188 840 tidelis
1208 781 1367 860 quisquis,

303 887 357 966 qui
378 885 461 946 ulcio
483 901 541 944 sua
556 881 685 956 devicit,
710 888 742 943 et
755 881 981 962 paenitentiam
1002 884 1138 964 aneepit,
1152 883 1194 946 ad
1209 890 1365 958 mortuos,

303 991 336 1051 id
350 996 401 1050 est
415 989 455 1051 ad
471 988 562 1061 viola,
577 987 694 1050 lterum
707 986 814 1048 redire
839 1004 905 1048 non
921 986 1030 1062 debet,
1050 999 1092 1049 ue
1109 988 1192 1050 forte
1207 990 1248 1050 ab
1260 990 1368 1050 inimi.

304 1095 361 1170 eis,
373 1093 466 1156 idest
477 1091 693 1166 damonibus,
705 1090 932 1166 interficiatur;
944 1098 979 1154 et
991 1094 1075 1155 sieut
1086 1093 1133 1155 illi
1146 1095 1201 1175 qui
1212 1095 1253 1157 ad
1264 1095 1368 1158 aliena

304 1200 407 1280 spolia
422 1203 619 1260 revertentes
632 1198 933 1277 praesentemvitaln
948 1197 1133 1277 perdidere,
1150 1205 1269 1261 etneue
1281 1202 1367 1281 turpi

302 1305 478 1385 perierunt,
495 1304 541 1365 sio
556 1303 698 1383 religiosi
714 1303 909 1383 quicumque
925 1303 980 1383 qui
997 1304 1142 1365 seculum
1162 1304 1366 1379 dimiserunt,

305 1415 337 1469 et
361 1407 402 1469 ad
423 1413 551 1468 terrena
569 1406 697 1484 negotia
717 1411 832 1485 postea
855 1405 1075 1480 inflectuntur,
1096 1407 1192 1468 vitam
1215 1407 1368 1470 eolestem

304 1512 457 1592 perdunt,
473 1515 505 1571 et
519 1515 658 1571 mortem
669 1514 858 1588 perpetuam
876 1509 1125 1588 amplectuntur.

784 1771 887 1841 XVI.

554 2005 597 2064 lla
612 2019 701 2064 nanno
718 2001 817 2064 annn
833 2018 946 2062 conrnn
962 1999 1119 2061 Kanonnn.

344 2235 451 2296 Altera
464 2253 541 2296 vero
555 2234 606 2296 die
621 2237 810 2298 nunciatum
820 2243 869 2298 est
886 2237 1001 2299 Karolo
1018 2236 1107 2317 quod
1127 2237 1212 2317 apud
1226 2235 1368 2298 Mentem

307 2337 430 2398 danim
446 2337 486 2418 (l)
501 2338 653 2418 princeps
670 2339 801 2418 quidam
815 2339 1027 2401 Navarrorum
1044 2339 1176 2400 nomine
1196 2336 1293 2401 l'urm
1311 2357 1367 2401 vo-

213 2473 215 2480 ·
305 2440 392 2503 lebat
413 2439 573 2502 debellare
597 2448 709 2503 eontra
734 2443 836 2504 illum.
864 2443 1064 2505 Adveniente
1090 2459 1168 2503 vero
1184 2443 1303 2504 llarolo
1327 2443 1368 2506 ad

305 2547 445 2609 Mentem
469 2546 592 2608 Garzim
617 2547 777 2628 disposuit
797 2549 950 2629 princeps
970 2549 1024 2610 ille
1049 2549 1159 2612 venire
1180 2549 1222 2611 ad
1245 2549 1368 2613 bellum

306 2658 418 2713 eontra
432 2669 506 2713 eum
530 2651 582 2712 die
606 2653 763 2731 sequenti.
786 2651 920 2715 Karolus
935 2672 1074 2734 namque
1093 2673 1177 2728 sero,
1194 2661 1367 2735 antequam

305 2755 427 2816 bellurn
436 2760 531 2828 esset,
547 2755 670 2833 rogavit
681 2755 855 2818 Dominum
867 2757 1097 2819 utostenderet
1107 2759 1136 2819 ei
1146 2758 1221 2820 illos
1233 2760 1288 2840 qui
1300 2777 1368 2822 mo-

306 2861 397 2922 rituri
409 2866 500 2922 erant
512 2859 552 2921 de
565 2860 631 2944 suis
643 2861 676 2920 in
689 2861 786 2923 bello.
798 2861 855 2923 uie
867 2875 942 2925 vero
956 2864 1107 2937 crastina,
1120 2865 1250 2926 armatis
1260 2864 1367 2926 llaroli

304 2966 509 3039 exercitibus,
531 2965 678 3046 apparuit
701 2965 837 3028 rubeum
865 2967 993 3046 signum
1017 2966 1189 3030 domiuieae
1208 2968 1315 3029 crucis
1332 2968 1365 3028 in

306 3069 448 3131 humeris
462 3069 692 3130 moriturorum
704 3074 790 3129 retro
807 3084 904 3149 super
915 3069 1032 3130 loricas
1044 3089 1051 3144 ;
1066 3088 1149 3150 quos
1162 3077 1197 3131 ut
1212 3069 1293 3130 vidit
1307 3069 1366 3131 lla-

306 3176 405 3250 rolus,
422 3194 498 3238 mox
512 3175 643 3236 retrusit
661 3174 734 3236 illos
757 3175 790 3235 in
816 3175 957 3236 oratorio
974 3194 1032 3237 suo
1051 3195 1091 3237 ne
1116 3183 1319 3238 morerentur
1333 3177 1366 3238 in

295 3281 404 3352 ‚bello
418 3280 519 3351 Quam
531 3279 871 3359 incomprehensibilia
890 3286 965 3342 sunt
984 3281 1103 3343 indicia
1116 3282 1173 3342 llei
1186 3287 1218 3342 et
1234 3283 1367 3344 inresti-

306 3385 427 3465 gabiles
441 3385 499 3445 viae
508 3385 594 3446 eiust
608 3385 686 3464 quid
696 3385 809 3465 plura?
815 3391 946 3465 peraeto
958 3385 1043 3448 bello
1053 3393 1085 3448 et
1092 3393 1259 3467 perempto
1268 3387 1366 3449 Furre

307 3508 381 3552 eum
401 3489 503 3551 trihus
526 3488 669 3550 millibus
692 3490 907 3552 Navarrornm
929 3497 961 3552 et
983 3490 1246 3568 Sarracenorum,
1283 3511 1366 3573 quos

308 3594 455 3657 custodia
470 3600 645 3656 retruserat
667 3594 817 3670 Karalus,
837 3595 980 3675 repperit
1002 3596 1219 3672 exanimatos,
1246 3603 1278 3659 et
1299 3604 1368 3660 erat

307 3717 460 3762 numerus
481 3700 609 3761 illorum
635 3700 763 3762 circiter
787 3705 916 3762 centum
937 3701 1179 3781 qninquaginta.
1203 3701 1228 3764 0
1250 3702 1366 3766 Christi

279 3801 286 3812 '
306 3811 519 3887 pugnatorum
535 3805 736 3868 sanctissima
751 3809 895 3867 caterva!
921 3806 980 3867 etsi
998 3806 1124 3885 gladius
1148 3809 1366 3888 persecutoris

342 4034 376 4102 (l)
396 4038 442 4086 28¹
458 4052 464 4086 τ
479 4037 592 4087 Garzini.
608 4062 638 4073 -
652 4035 721 4086 G'est
735 4036 760 4086 le
772 4049 835 4086 nom
850 4033 970 4100 defigunt
983 4033 1016 4087 de
1030 4037 1204 4102 Montjurde'n.
1219 4039 1249 4089 V.
1266 4039 1366 4088 aaron

308 4134 395 4194 Paris,
410 4133 476 4184 illst.
491 4125 563 4195 poet.
576 4129 609 4180 de
623 4127 830 4192 Charlemegne‚
846 4139 874 4192 p.
889 4130 1010 4178 eoo-265.
