3042 4942
730 433 921 502 ...10-

794 701 858 770 Vl.

356 943 401 1008 Du
422 963 528 1006 neorru
550 944 663 1007 Karon
684 964 713 1007 m
735 945 868 1007 Gannau
891 964 926 1007 ur
953 965 990 1006 ue
1013 945 1185 1009 Aiooxanno
1208 964 1294 1009 nucu.

337 1194 472 1255 Demum
493 1211 622 1255 reverso
638 1194 753 1257 Kerolo
768 1195 808 1256 ad
824 1195 967 1269 Galliam,
985 1196 1116 1276 quidam
1139 1215 1282 1276 paganus
1302 1215 1357 1258 rex

297 1299 468 1362 affricanus
489 1300 620 1361 nomine
643 1300 841 1379 aigolandus
855 1320 929 1362 oum
945 1302 1011 1363 suis
1028 1301 1222 1364 exercitibus
1236 1308 1357 1364 terram

296 1406 511 1486 Hispanorum
535 1406 595 1467 sibi
622 1407 802 1487 acquisivit,
827 1408 938 1469 eiectis
958 1409 1053 1470 etiam
1069 1408 1292 1470 etinterfectis
1317 1409 1357 1469 de

297 1512 466 1592 oppidiset
480 1511 613 1575 urbibus
623 1513 812 1574 custodibus
823 1514 1016 1589 christianis,
1030 1534 1111 1595 quos
1123 1515 1163 1576 ad
1174 1515 1358 1577 custodien-

297 1618 371 1680 dam
389 1623 508 1680 terram
530 1618 663 1680 Karolus
689 1619 872 1700 reliquerat.
896 1619 950 1681 His
977 1621 1094 1682 auditis
1121 1621 1257 1682 Karolus
1283 1640 1358 1682 oum

296 1724 404 1786 multis
419 1724 613 1786 exercitibus
627 1743 755 1786 rursum
772 1724 957 1805 Hispaniam
975 1727 1062 1800 adiit,
1087 1733 1119 1787 et
1140 1745 1214 1788 oum
1235 1733 1359 1790 ecerat

296 1832 360 1894 dux
374 1831 574 1894 exercituum
593 1831 666 1892 llilo
686 1831 726 1893 de
742 1832 901 1912 Angleris.

781 2107 863 2177 Vll.

545 2338 589 2399 DE
611 2355 744 2400 EXEMPLO
765 2355 960 2400 ELEEMOSYNAE
981 2355 1102 2400 nonum.

334 2585 397 2647 Sed
411 2583 503 2664 quale
519 2584 699 2664 exemplum
716 2570 872 2646 Dominus
887 2590 964 2646 tunc
977 2585 1071 2646 nobis
1084 2585 1235 2646 omnibus
1250 2589 1356 2646 osten-

295 2691 370 2752 dere
387 2689 536 2768 dignatus
550 2695 599 2750 est
614 2689 654 2750 de
669 2688 719 2750 his
729 2690 783 2770 qui
797 2695 999 2751 mortuorum
1012 2690 1224 2751 eleemosinas
1238 2689 1355 2751 iniuste

292 2795 442 2867 retinent,
458 2791 553 2854 nobis
575 2798 624 2853 est
643 2792 830 2854 dicendum.
860 2792 938 2854 Cum
963 2793 1057 2872 igitur
1078 2793 1163 2873 apud
1186 2792 1352 2868 baioriam,

294 2899 408 2961 urbem
429 2898 628 2972 Rosciorum,
652 2899 757 2960 Keroli
772 2900 931 2960 exercitus
953 2891 1133 2980 liospitatus
1148 2885 1355 2973 esset,'miles

293 3007 424 3089 quidam
435 3006 566 3068 nomine
581 3005 782 3080 Romaricus,
795 3005 887 3068 valde
896 3013 1047 3085 aegrotus,
1060 3007 1155 3067 morti
1170 3007 1352 3086 proximae,
1444 3073 1447 3077 ,

294 3119 425 3192 accepta
448 3112 640 3174 Paenitentia
664 3119 696 3174 et
718 3111 918 3174 Eucharistia
943 3111 1154 3185 asaoerdote,
1179 3117 1213 3172 ut
1235 3129 1354 3191 equum

267 3273 273 3284 ,
294 3235 390 3298 quem
403 3215 542 3276 habebat
556 3216 720 3292 venderet,
737 3217 940 3296 pretiumque
963 3215 1088 3277 clericis
1103 3221 1135 3275 et
1158 3215 1268 3294 egenis
1281 3233 1355 3276 ero·

293 3330 392 3405 garet,
408 3323 538 3384 cuidam
551 3325 792 3403 consanguineo
805 3342 862 3384 suo
874 3324 1042 3403 praecepit3
1061 3341 1125 3404 quo
1138 3330 1265 3384 mortuo
1280 3342 1356 3384 con-

294 3431 488 3510 sanguineus
512 3429 581 3491 eius
614 3429 744 3491 invidiae
776 3428 906 3490 stimulo
940 3434 1044 3491 tactus
1078 3447 1197 3509 equum
1223 3433 1354 3490 centum

294 3537 405 3599 solidis
418 3535 573 3609 vendidit,
583 3537 786 3616 pretiumque
797 3535 889 3610 cibis,
899 3535 1030 3615 potibus
1039 3535 1248 3615 vestibusque
1263 3535 1353 3596 velo-

294 3625 373 3705 citer
387 3641 548 3722 expendit,
570 3641 633 3703 Sed
652 3641 727 3721 quia
741 3641 833 3702 malis
855 3641 947 3704 lactis
964 3639 1063 3702 divini
1079 3640 1195 3702 iudicis
1211 3640 1354 3703 vindicta

292 3750 440 3829 proxima
461 3767 532 3810 esse
550 3749 646 3822 solet,
673 3749 842 3810 transactis
862 3749 991 3828 triginta
1013 3748 1138 3823 diebus,
1163 3749 1310 3829 apparuit
1325 3749 1354 3809 ei

293 3853 1353 3934 noeteinextasimortuusdiccus:Quoniamresmeasproanimae

293 3981 372 4025 meae
391 3962 612 4044 redemptione
627 3963 660 4023 in
676 3962 873 4024 eleemosina
892 3962 951 4023 tibi
973 3959 1197 4024 commendavi
1214 3961 1254 4024 ad
1272 3961 1352 4024 dan-

293 4069 382 4144 dum,
399 4054 482 4130 scias
493 4067 602 4130 omnia
617 4066 752 4129 crimina
768 4085 838 4129 mea
861 4067 962 4128 Deum
979 4067 1076 4128 michi
1099 4066 1278 4142 dimisisse;
1296 4065 1354 4129 sed

293 4175 367 4256 quia
382 4175 499 4236 iniuste
514 4173 743 4236 eleemosinam
759 4193 863 4236 meam
881 4174 1053 4268 retinuisti,
1066 4193 1125 4254 per
1138 4174 1270 4253 triginta
1284 4174 1353 4237 dies
