3042 4942
730 390 921 460 ,70-

296 534 350 614 qui
367 534 445 595 tales
461 534 559 596 habet
579 535 726 597 alumnos
745 537 799 617 qui
820 557 894 599 cum
912 538 951 599 ab
971 539 1032 600 hac
1053 541 1118 602 vita
1137 543 1362 621 migraverint,

295 645 402 701 tamen
415 640 448 700 in
460 640 550 701 vivos
563 641 625 702 sibi
639 641 776 702 rebelles
792 643 836 703 ita
850 661 884 704 se
899 643 1075 706 vindicant.
1096 645 1233 709 lacobus
1247 649 1362 711 lumen

295 745 464 808 oculorum
479 765 496 806 a
510 765 560 808 me
576 746 718 822 abstulit,
733 748 897 812 Romanus
913 750 952 811 de
968 751 1099 813 homine
1112 753 1253 834 lapidem
1268 755 1360 817 fecit.

296 848 426 910 Scilicet
436 848 572 910 lacobus
586 850 776 914 clementior
788 859 836 914 est
847 860 943 934 quam
958 855 1017 916 iste
1032 855 1207 920 Romanus.
1222 859 1364 923 lacobus

295 955 382 1016 enim
402 955 514 1016 oeulos
534 973 626 1016 meos
650 957 792 1018 reddidit
816 958 895 1019 mihi
920 961 1082 1036 misertus,
1110 963 1168 1024 sed
1190 963 1363 1028 hominem

294 1077 403 1123 meum
424 1059 561 1121 reddere
577 1079 641 1121 non
665 1061 732 1122 vult
753 1061 929 1125 Romanus.
955 1053 1127 1144 Fugiamus
1145 1066 1222 1148 erg'c
1245 1070 1285 1130 ab
1306 1071 1362 1132 his

184 1207 192 1218 .
294 1165 371 1226 oris.
385 1199 424 1210 —-
439 1165 526 1226 Tunc
541 1164 696 1227 confusus
719 1167 876 1230 abscessit
896 1187 1039 1248 paganus
1055 1190 1129 1233 cum
1146 1173 1212 1234 suis
1232 1176 1361 1236 exerci-

293 1270 391 1330 tibus.
403 1256 547 1330 'Necluit
559 1275 672 1349 postea
686 1289 744 1350 per
759 1272 896 1332 multum
916 1278 1044 1354 tempus
1064 1276 1118 1356 qui
1138 1276 1224 1337 beati
1248 1276 1360 1340 iacobi

293 1373 430 1453 patriam
448 1371 599 1433 infestare
622 1373 765 1434 auderet.
796 1373 906 1436 Sciant
930 1395 1007 1454 ergo
1034 1396 1067 1438 se
1095 1378 1299 1441 damnandos
1323 1381 1360 1441 in

294 1485 449 1542 aeternum
461 1480 516 1559 qui
531 1480 600 1540 eius
612 1479 761 1541 tellurem
776 1482 914 1561 amplius
929 1484 1189 1563 inquietaverint.
1209 1487 1268 1559 Qui
1278 1507 1360 1550 vere

294 1588 479 1665 apetestate
495 1583 747 1647 Sarracencrum
758 1585 846 1647 illam
860 1587 1083 1662 custodierint,
1096 1590 1206 1651 celesti
1222 1610 1360 1654 munere

293 1687 595 1750 remunerabuntur.

799 1943 842 2013 D.

321 2167 365 2232 Du
387 2184 443 2234 uoc
464 2184 542 2242 Quor
564 2167 699 2232 Navium
721 2187 758 2229 nu
780 2187 856 2230 vum
877 2185 1020 2230 messem
1040 2188 1101 2232 von
1122 2189 1186 2233 suu
1208 2190 1318 2236 cumn.

327 2421 425 2482 lulius
441 2421 557 2494 Caescr,
572 2427 605 2482 ut
618 2401 765 2495 traditur,
781 2427 846 2482 tres
858 2428 982 2501 genter,
1000 2415 1166 2485 Nublanos
1182 2423 1309 2484 scilicet
1320 2429 1355 2484 ct

290 2527 441 2590 Scotthos
456 2533 487 2589 et
499 2526 721 2616 Cornubpiancs
736 2527 891 2589 caudatos
904 2529 944 2608 (1)
957 2529 996 2589 ad
1012 2528 1264 2608 expugnandum
1277 2528 1352 2590 llis-

289 2652 448 2715 panorum
465 2633 604 2713 populos
623 2651 662 2694 ec
679 2632 788 2713 [quod]
807 2633 963 2694 tributum
980 2636 1009 2696 ei
1029 2653 1095 2696 non
1113 2634 1250 2696 reddere
1262 2635 1352 2696 vole-

289 2740 377 2814 bant,
395 2738 435 2800 ed
448 2739 633 2818 Hispaniam
653 2739 751 2811 misit,
767 2739 960 2819 precipiens
978 2740 1024 2801 eis
1042 2747 1077 2802 ut
1091 2759 1221 2802 emnem
1237 2757 1352 2801 sexum

187 2901 189 2904 .
289 2845 502 2907 masculinum
522 2843 629 2924 gladic
653 2844 886 2918 interficerent,
909 2844 1149 2927 femineumque
1165 2852 1291 2908 tantum
1310 2846 1352 2907 ad

289 2952 386 3013 vitam
401 2955 611 3012 reservarent.
629 2949 687 3021 Qui
704 2968 778 3010 cum
794 2968 853 3030 per
868 2939 954 3012 mare
971 2953 1192 3013 terramillam
1212 2953 1351 3030 ingressi

289 3063 408 3130 essent,
430 3056 541 3118 fractis
562 3053 697 3117 navibus
720 3054 797 3129 suis,
821 3054 861 3115 ab
886 3055 965 3116 urbe
988 3055 1167 3117 Barcinona
1186 3075 1288 3136 usque
1309 3056 1351 3118 ad

288 3161 575 3240 Crescraugustam,
600 3159 640 3220 ab
665 3157 745 3219 urbe
767 3158 1005 3239 Baionausque
1028 3160 1067 3220 ad
1092 3166 1237 3221 montem
1258 3159 1350 3240 Oque

287 3266 360 3343 igne
376 3271 408 3325 et
418 3264 524 3344 gladio
537 3262 792 3324 devastaverunt.
805 3261 870 3323 Hos
881 3262 962 3324 fines
974 3264 1109 3324 transire
1121 3264 1348 3344 nequiverunt,

288 3370 442 3450 quoniam
469 3367 631 3430 castellani
655 3353 922 3429 coadunati'illes
944 3375 1164 3448 expugnantes
1189 3387 1206 3429 a
1229 3369 1349 3432 linibus
1433 3405 1442 3420 ·

288 3475 355 3537 suis
370 3475 544 3536 eiecerunt.
561 3472 609 3533 llli
622 3478 729 3533 autem
742 3471 901 3551 fugientes
917 3479 1075 3534 venerunt
1088 3473 1129 3535 ad
1141 3481 1269 3536 mentes
1283 3475 1348 3538 lla-

287 3581 377 3653 rinos
398 3579 542 3659 quisunt
565 3577 649 3638 iuter
669 3575 824 3655 Nagcram
839 3583 871 3637 et
885 3576 1118 3657 Pampiloniam
1133 3585 1164 3639 et
1177 3578 1346 3652 Baionam,

288 3682 412 3744 scilicet
430 3699 541 3742 versus
561 3662 762 3740 maritimam
776 3679 809 3740 in
830 3685 915 3740 terra
934 3680 1088 3760 Biscagiae
1103 3687 1135 3742 et
1149 3682 1268 3756 Alavae,
1290 3681 1346 3746 ubi

286 3788 467 3850 habitantes
477 3785 577 3847 multe
588 3791 692 3846 castra
702 3784 982 3847 aedificaveruntet
991 3785 1223 3849 interfecerunt
1232 3805 1348 3850 omues

286 3896 459 3970 masculos,
491 3911 628 3975 quorum
661 3911 778 3954 uxores
810 3893 841 3954 vi
872 3892 932 3953 sibi
964 3899 1151 3973 rapuerunt,
1183 3913 1200 3955 e
1227 3894 1347 3974 quibus

321 4128 355 4197 (l)
375 4133 423 4180 139
437 4128 480 4180 n'e
493 4142 543 4194 pas
557 4128 696 4188 caedmon
711 4126 736 4176 lc
750 4118 806 4176 mot
818 4127 859 4176 est
871 4122 955 4176 elfred
968 4125 1036 4176 dens
1047 4126 1072 4177 le
1086 4129 1127 4176 39.
