3042 4942
749 443 943 513 -92-

355 585 430 639 XXV.
451 586 491 638 De
504 583 613 637 visione
623 583 741 655 Turpini
752 585 879 656 episcopi
890 586 962 639 etde
971 586 1184 640 lamentatione
1195 587 1294 642 Xaroli

484 695 570 750 super
584 679 803 734 Rotholandum
813 721 1286 736 ...........................
1348 687 1383 738 50

336 777 424 830 XXVI.
446 777 485 829 Ite
503 776 558 829 hoc
579 776 657 845 quod
674 777 754 829 stetit
773 776 816 829 sol
832 776 925 846 spatio
948 775 1037 830 trium
1057 777 1182 846 dierum,
1208 780 1237 831 et
1257 778 1292 832 de

484 875 610 942 quatuor
621 871 750 925 millibus
764 872 992 926 sarracenorum
1007 873 1168 927 interiectis
1174 916 1287 929 .......
1350 879 1385 929 52

331 970 431 1024 XXVIl.
453 971 493 1021 Ite
513 967 683 1037 corporibus
703 972 887 1022 mortuorum
903 969 1083 1023 aromatibus
1100 974 1129 1024 et
1148 971 1207 1024 sale
1223 987 1292 1025 con-

486 1064 614 1118 dItorum
618 1104 1286 1122 ......................................
1350 1072 1386 1123 53

321 1160 434 1215 XXVIII.
455 1161 495 1213 De
519 1159 631 1212 duobus
644 1159 795 1213 cimiteriis
809 1159 1009 1213 sacrosanctis.
1024 1146 1118 1234 Unum
1137 1162 1215 1232 apud
1227 1166 1296 1216 Are-

485 1258 591 1322 latem,
609 1257 735 1310 alterum
751 1255 828 1324 apud
847 1255 976 1308 Blavium
981 1297 1289 1314 ..................
1352 1265 1387 1316 53

347 1354 432 1406 XXIX.
454 1354 494 1406 De
508 1353 656 1421 sepulture
666 1349 844 1405 Rotholandi
855 1352 884 1403 et
893 1353 1058 1404 ceterorum
1072 1354 1122 1422 qui
1133 1355 1210 1422 apud
1221 1356 1295 1408 Beli-

486 1463 558 1501 num
573 1447 677 1516 sepulti
689 1451 766 1512 sunt,
781 1445 852 1499 etin
868 1446 986 1499 diversis
997 1448 1067 1501 Iocis
1071 1491 1290 1505 .............
1353 1455 1389 1506 54

361 1545 434 1601 XXX.
456 1545 496 1597 De
510 1543 631 1597 concilio
650 1543 728 1612 quod
748 1543 826 1613 apud
844 1542 965 1596 beatum
984 1543 1153 1614 DIonysium
1173 1547 1297 1601 Xarolus

486 1639 623 1693 adunavit
638 1681 1291 1698 .....................................
1354 1649 1389 1700 56

349 1737 433 1790 XXXI.
455 1737 495 1789 De
511 1737 623 1804 septem
639 1734 748 1788 ortibus
765 1752 836 1805 quas
849 1736 971 1789 Xarolus
986 1735 1107 1806 depingi
1122 1737 1190 1791 fecit
1203 1739 1232 1791 in
1248 1755 1297 1808 pa-

479 1834 549 1888 Iatio
562 1849 613 1886 suo
620 1875 1291 1891 ......................................
1353 1841 1388 1892 67

333 1931 431 1983 XXXII.
453 1930 493 1982 De
508 1930 602 1982 morte
622 1927 721 1980 Xaroli
727 1969 1291 1984 ................................
1353 1935 1389 1988 60

322 2027 433 2080 XXXIII.
454 2028 495 2080 De
512 2023 652 2077 miraculo
667 2023 846 2077 Rotholandi
864 2023 978 2078 comItis
998 2025 1077 2093 quod
1097 2025 1174 2094 apud
1192 2026 1296 2080 urbem

276 2097 279 2101 ι
489 2117 720 2186 Gratianopolim
735 2133 788 2186 per
801 2133 868 2170 eum
882 2119 957 2171 Deus
969 2117 1065 2171 iacere
1082 2118 1219 2188 dignatus
1234 2125 1289 2176 est.
1351 2128 1387 2178 62

736 2333 955 2402 Appennino.

359 2554 392 2604 X.
454 2550 580 2604 Galixtus
594 2551 672 2619 Papa
692 2550 727 2604 de
741 2549 909 2604 inventione
931 2551 1010 2605 beati
1033 2552 1151 2622 Turpini
1172 2553 1295 2622 episcopi

490 2647 520 2697 et
534 2643 670 2714 martyris
676 2685 1289 2702 ...................................
1352 2651 1390 2702 65
1489 2663 1490 2730 3

364 2743 395 2795 B.
451 2740 580 2810 Epistola
592 2739 705 2794 domini
718 2740 881 2794 Innocentii
891 2743 975 2811 Papae
981 2783 1292 2798 ..................
1354 2747 1391 2800 66

359 2839 390 2893 C.
446 2839 487 2892 De
501 2836 681 2890 Altumaiore
695 2836 836 2892 Cordubae
854 2879 1291 2894 .........................
1354 2844 1390 2896 67

361 2939 393 2991 Ι).
450 2935 491 2988 De
516 2933 571 2986 hoc
595 2933 674 3003 quod
699 2932 817 2987 Navarri
837 2949 897 2988 non
922 2933 957 2986 de
984 2950 1052 2987 vera
1076 2935 1212 3004 prosapia
1241 2935 1299 2988 sint

488 3028 579 3098 geniti
586 3070 1292 3086 ........................................
1355 3035 1392 3087 70

448 3238 520 3291 Note
534 3253 571 3290 au
585 3237 715 3307 chapitre
730 3240 766 3292 IlI
770 3279 1293 3295 ..............................
1355 3245 1394 3296 72

449 3330 521 3383 Note
535 3346 572 3382 au
587 3330 717 3400 chapitre
728 3332 761 3384 XI
768 3370 1294 3386 ..............................
1356 3339 1393 3388 77

393 3496 423 3596 V
452 3541 635 3598 Corrections
650 3547 680 3598 et
694 3545 840 3600 additions
843 3587 1292 3601 ..........................
1356 3549 1393 3602 89

694 3737 751 3846 ct
763 3707 942 3924 Q*

746 3976 845 4050 fros
