3042 4942
218 553 261 616 De
275 553 466 616 Geometria.
483 588 522 598 -
537 552 717 616 Geometria
730 553 775 614 ihi
798 552 926 633 depicta
947 559 1007 627 est,
1022 572 1094 634 qnae
1110 573 1238 618 mensn-

174 658 257 718 ratio
271 664 367 719 terrae
381 657 510 719 dicitur.
523 657 567 720 Ge
579 659 665 720 enim
679 676 782 740 graece
796 657 914 720 dieitur
924 658 996 744 giis,
1012 666 1134 722 metros
1152 678 1238 722 men-

174 781 261 824 sura.
283 763 359 824 Haec
378 781 429 824 ars
452 769 620 836 terrarum,
643 764 813 838 montium,
829 769 861 824 et
881 763 1027 838 vallium,
1050 769 1082 824 et
1101 765 1238 828 marium

174 868 279 948 spatia
302 867 440 944 miliaria
459 872 491 928 et
515 866 625 946 leugas
649 885 835 928 mensurare
858 866 963 930 docet.
989 867 1090 942 Quam
1115 868 1169 949 qui
1197 869 1238 934 ad

172 971 308 1051 plenum
324 971 425 1044 norit,
452 989 525 1034 oum
547 971 685 1052 spatium
707 970 878 1032 cuiuslibet
896 971 1048 1052 regionis,
1062 972 1112 1036 ret
1130 978 1236 1050 terrm,

174 1077 226 1138 vel
237 1077 313 1151 ioci,
323 1076 374 1138 vel
387 1077 504 1158 campi,
520 1075 571 1138 vel
584 1076 772 1158 provinciae,
788 1076 839 1138 vel
852 1077 942 1138 urbis
954 1076 1053 1152 videt,
1070 1084 1150 1160 quot
1162 1078 1237 1142 bra·

174 1184 271 1258 chiis,
290 1183 340 1244 rel
352 1183 504 1266 pedibus,
521 1182 571 1243 vel
586 1177 745 1254 miliariis,
764 1189 875 1262 potest
888 1184 940 1268 (t),
956 1183 1109 1248 tendatur
1119 1185 1152 1252 in
1165 1186 1245 1271 lon-¹

173 1290 357 1370 gitudinem
379 1296 410 1352 et
433 1288 638 1374 latitudinem
662 1289 818 1374 agnoscit.
844 1288 905 1352 Per
919 1290 1004 1352 hanc
1026 1297 1128 1354 artem
1144 1311 1237 1359 sena-

172 1399 264 1456 tores
285 1393 412 1457 romani
438 1398 627 1472 ceterasque
650 1390 747 1453 urbes
772 1392 921 1474 antiquas
946 1402 1184 1476 componentes
1207 1404 1240 1460 et

173 1499 313 1562 miliaria
323 1504 358 1560 et
368 1498 438 1560 rias
451 1497 491 1558 de
500 1496 580 1558 urbe
596 1496 636 1563 ad
649 1496 774 1572 urbem,
792 1497 894 1560 attilii
911 1497 1009 1562 israel
1021 1505 1141 1565 terram
1156 1501 1240 1564 desi-

175 1605 357 1666 derabilem
376 1597 524 1674 funiculo
543 1602 784 1672 distributionis
800 1602 972 1678 latitudine
987 1611 1019 1671 et
1035 1605 1239 1688 longitudine

175 1712 255 1772 oiim
273 1714 514 1771 mensurarum.
532 1709 597 1770 Hac
611 1709 708 1770 etiam
724 1714 792 1769 arte
806 1709 967 1788 agricolas,
985 1712 1133 1790 quamvis
1145 1713 1239 1792 igno-

175 1820 298 1888 rantes,
312 1820 415 1874 terras
426 1819 458 1873 et
470 1813 593 1887 vineas,
607 1818 699 1892 prata
712 1818 744 1873 et
756 1812 850 1874 lucos
862 1817 894 1872 et
905 1832 1038 1894 campos
1049 1823 1240 1878 mensurant

176 1927 209 1981 et
222 1919 384 1981 laborant.
660 1988 665 1998 ι
718 1957 732 1970 ›

215 2024 477 2086 DeArimethica
488 2023 728 2097 -Arimethica
741 2022 870 2103 depicta
880 2029 929 2085 est
940 2023 985 2086 rbr
991 2044 1082 2106 quae
1094 2026 1239 2108 loquitur

83 2174 88 2182 -
176 2130 224 2192 de
234 2148 376 2192 numeris
391 2147 538 2190 omniurn
553 2127 674 2196 reruni
695 2127 802 2229 Quam
810 2147 864 2209 qur
857 2129 1023 2209 plenarie
1037 2133 1139 2207 novit
1164 2153 1238 2196 cum

174 2239 289 2300 turrim
304 2237 355 2299 vel
370 2255 498 2297 murum
511 2236 675 2314 excelsirm
690 2235 789 2308 videt,
807 2242 886 2315 quot
900 2237 1048 2316 lapides
1040 2257 1072 2299 in
1090 2257 1129 2302 eo
1150 2248 1236 2315 sunt,

179 2345 227 2406 vei
242 2349 321 2424 quot
331 2349 428 2422 guttae
442 2342 594 2422 limphae
587 2360 620 2402 in
632 2341 744 2421 cipho,
761 2341 811 2402 vel
825 2347 904 2420 quot
918 2344 1042 2405 nummi
1058 2344 1169 2408 inuno
1184 2366 1237 2408 cu·

179 2451 276 2524 mulo,
302 2449 353 2510 vel
377 2454 456 2528 quot
476 2448 509 2508 in
531 2447 672 2508 exercitu
697 2446 846 2508 homines
870 2446 920 2508 vei
944 2447 1033 2510 milia
1063 2449 1236 2528 habentur,

179 2554 436 2638 comprehendit.
466 2553 526 2614 Per
549 2553 633 2614 hanc
664 2560 765 2614 artem
790 2551 951 2632 lapicidae,
973 2556 1120 2633 quamvis
1144 2557 1237 2635 igno·

179 2669 296 2736 rantes,
310 2667 416 2722 turres
431 2659 574 2724 excelsas
588 2665 620 2720 et
634 2677 744 2722 muros
756 2657 861 2722 adhuc
876 2666 1061 2739 operantur.

216 2768 262 2830 De
286 2764 480 2843 Astrologia.
508 2798 547 2806 —
570 2763 753 2842 Astrologia
775 2762 808 2822 in
832 2780 929 2842 opere
953 2764 1038 2842 regis
1064 2764 1151 2843 picta
1175 2771 1235 2841 est,

176 2893 248 2956 quae
263 2872 381 2934 dicitur
395 2869 522 2932 rimatio
535 2869 711 2942 stellarum,
727 2887 798 2948 quae
813 2868 992 2930 accidentia
1004 2868 1091 2930 bona
1110 2875 1142 2929 et
1154 2870 1238 2932 mala

176 2980 242 3042 sive
257 2975 431 3058 praeterita,
455 2973 521 3038 sive
543 2973 727 3054 praesentia,
745 2991 817 3051 qnae
835 2971 911 3032 alibi
930 2970 1022 3044 finnt,
1045 2972 1111 3032 sive
1129 2971 1237 3034 futura

175 3092 367 3150 noscuntur.
392 3082 492 3154 Quam
515 3068 570 3162 ¹qni
592 3079 737 3160 plenarie
760 3079 862 3151 novit,
882 3097 957 3140 cum
977 3078 1037 3140 iter
1058 3096 1164 3158 agere,
1185 3079 1236 3140 vel

176 3187 298 3270 aliquid
320 3203 471 3266 magnum
496 3183 603 3245 faeere
627 3183 761 3262 appetit,
790 3182 869 3264 quid
893 3181 954 3243 sibi
977 3187 1149 3244 venturum
1173 3191 1233 3260 est,

148 3292 150 3299 ’
175 3291 361 3374 praenoscit.
378 3288 531 3352 Similiter
544 3299 618 3348 cum
634 3287 717 3348 duos
732 3287 819 3348 viros
831 3293 1031 3366 pugnaturos
1050 3286 1148 3362 videt,
1163 3289 1236 3370 quis

176 3400 306 3462 iliorum
330 3395 486 3468 victurus,
513 3393 563 3454 vel
586 3393 658 3472 quis
687 3392 868 3454 vincendus
890 3393 942 3466 sit,
965 3393 1149 3472 praenoscit.
1175 3392 1236 3456 Per

175 3504 260 3576 hanc
274 3507 376 3562 artem
390 3499 501 3562 Romae
516 3503 681 3558 senatores
696 3515 809 3558 necem
824 3497 966 3558 virorum
983 3496 1108 3558 etbella
1121 3496 1154 3558 in
1170 3497 1236 3558 oris

177 3612 324 3676 barbaris
353 3608 448 3682 facta,
481 3623 657 3686 regumque
685 3611 716 3666 et
745 3622 919 3682 regnorum
946 3602 1176 3670 detrimentum
1204 3608 1236 3663 et

176 3724 292 3780 statum
316 3719 483 3778 noverant.
499 3712 579 3790 Magi
599 3711 695 3772 etiam
710 3715 742 3773 et
763 3707 919 3783 Herodes,
942 3708 1033 3769 stella
1046 3715 1233 3788 apparente,
1255 3704 1258 3710 ’

152 3805 155 3808 ’
175 3824 337 3886 Christum
351 3825 461 3882 natum
475 3835 615 3898 peream
629 3804 862 3902 cognorerunt.

215 3927 423 4006 Unaquaeque
445 3922 560 3996 irarum
584 3926 708 4000 septem
731 3919 847 3980 artium
868 3918 966 3980 tiliam
991 3915 1089 3978 habet
1103 3915 1164 3984 sibi
1178 3937 1232 3980 su-

211 4146 243 4208 (1)
259 4145 358 4208 potest.
374 4144 429 4195 mot
441 4138 550 4205 inutile,
565 4140 581 4194 i
594 4142 681 4194 moins
693 4139 726 4192 de
741 4139 859 4201 corniger
870 4135 988 4200 canescit
1001 4145 1033 4184 en
1048 4144 1196 4194 conoscere.
