3042 4942
721 389 912 458 ..40-

288 540 350 606 teo,
377 539 408 591 el
425 531 476 592 die
500 532 600 593 sancti
624 531 743 592 lacobi.
768 532 850 592 Ante
874 531 943 590 eius
965 529 1106 590 tribunal
1127 534 1215 607 spata
1236 527 1347 598 nuda,

286 656 376 699 more
399 638 556 716 imperiali
572 684 578 709 ,
597 636 799 698 efferebatur.
816 635 904 697 Circa
919 636 1038 696 lectum
1052 637 1121 696 eius
1133 652 1191 714 per
1205 633 1349 712 singulas

288 748 399 802 noctes
417 741 545 801 assidue
566 748 696 801 centum
718 741 827 821 viginti
853 741 952 800 fortes
977 739 1150 800 orthodoxi
1171 739 1348 799 constitue-

287 847 404 907 bantur
416 844 456 906 ad
470 845 719 906 custodiendum
735 864 820 918 eum,
835 863 971 924 quorum
985 843 1196 923 quadraginta
1208 843 1347 922 primam

287 953 392 1014 noetis
410 951 548 1030 vigiliam
565 951 722 1030 agebant,
740 951 853 1012 decem
868 951 992 1012 scilicet
1006 951 1046 1011 ad
1061 956 1171 1030 eaput,
1187 955 1218 1010 et
1233 949 1347 1010 decem

286 1057 327 1119 ad
342 1057 459 1136 pedes3
482 1055 595 1129 decem
614 1056 654 1116 ad
671 1055 834 1116 dexteram
850 1062 881 1116 et
905 1055 1018 1116 decem
1033 1056 1074 1116 ad
1090 1055 1225 1128 laevam,
1248 1073 1346 1115 manu

288 1159 419 1221 dextera
440 1159 561 1220 nudam
580 1166 725 1239 spatam,
744 1167 776 1221 et
791 1161 919 1222 sinistra
935 1161 1101 1221 ardentem
1121 1160 1288 1221 candelam
1302 1164 1348 1219 te-

287 1271 411 1326 nentes
433 1265 555 1325 Eodem
571 1266 668 1326 modo
692 1266 867 1328 secundam
881 1266 1021 1345 vigiliam
1046 1266 1099 1326 alii
1122 1265 1344 1345 quadraginta.

287 1371 440 1431 Similiter
454 1370 507 1430 alii
523 1370 732 1449 quadraginta
751 1371 877 1431 tertiam
896 1371 1037 1450 vigiliam
1057 1371 1162 1431 noctis
1182 1387 1285 1448 usque
1305 1369 1346 1429 ad

288 1477 391 1550 diem,
409 1476 478 1536 aliis
494 1475 741 1548 dormientibus,
759 1475 986 1537 observabant.
1002 1476 1065 1537 Sed
1079 1477 1105 1537 si
1120 1493 1216 1555 quem
1232 1493 1347 1553 magna

288 1580 357 1642 eius
385 1585 473 1659 gesta
500 1578 638 1657 amplius
669 1579 780 1640 audire
810 1579 1040 1654 delectaverit,
1076 1597 1224 1640 enarrare
1250 1577 1346 1638 nobis

287 1702 439 1763 magnum
453 1688 502 1744 est
520 1689 551 1743 et
568 1700 743 1745 onerosum
760 1703 766 1744 :
784 1684 1059 1763 quemadmodum
1074 1683 1219 1745 Galat'rus
1233 1682 1346 1743 Admi-

287 1790 407 1852 randus
426 1789 544 1850 Toletae
570 1789 714 1849 illumin
740 1791 877 1868 pueritia
900 1790 1062 1851 exulatum
1085 1790 1211 1850 ornavit
1233 1788 1346 1849 habitu

288 1896 416 1958 militari
429 1895 462 1956 in
477 1895 601 1974 palacio
616 1875 746 1968 Toletae,
762 1901 794 1956 et
804 1896 970 1975 quomodo
984 1896 1070 1957 idem
1086 1895 1219 1956 Karolus
1233 1900 1347 1974 postea

289 2018 398 2061 amore
418 1997 562 2059 eiusdem
586 1997 702 2058 Galat'ri
723 1999 843 2060 occidit
863 2000 896 2059 in
918 1999 1004 2060 bello
1024 1999 1243 2060 Braimantum
1261 2016 1348 2077 mag-

288 2123 366 2166 num
382 2123 418 2165 ac
433 2102 608 2183 superbum
624 2121 731 2183 regem
747 2104 997 2166 sarracenorum
1022 2103 1138 2166 Galafri
1157 2105 1345 2179 inimicum,

289 2214 320 2270 et
334 2208 469 2288 qualiter
483 2207 627 2268 diversas
641 2214 742 2268 terras
757 2214 788 2268 et
808 2207 905 2268 nrbes
930 2209 1100 2287 acquisivit
1121 2214 1152 2269 et
1176 2208 1260 2268 trino
1286 2227 1346 2268 no-

289 2313 368 2374 mini
391 2311 588 2391 subiugavit,
611 2318 642 2372 et
658 2312 824 2391 quomodo
845 2313 960 2373 multas
981 2312 1144 2394 abbatias,
1164 2313 1347 2392 multasque

289 2416 442 2478 ecclesias
470 2433 528 2495 per
552 2415 709 2475 mundum
734 2415 891 2488 instituit,
921 2421 953 2476 et
977 2417 1140 2495 quomodo
1172 2417 1347 2478 multorum

290 2524 481 2585 Sanctorum
498 2542 635 2603 corpora
649 2529 681 2583 et
702 2522 853 2602 reliquias
868 2524 899 2583 in
916 2541 993 2584 auro
1008 2530 1041 2583 et
1056 2529 1186 2602 argento
1210 2523 1349 2584 colloca-

290 2630 350 2698 vit,
378 2634 410 2689 et
424 2628 560 2707 qualiter
574 2627 684 2688 Romae
702 2629 877 2708 imperator
891 2628 950 2689 luit
973 2634 1005 2689 et
1019 2628 1218 2690 dominicum
1238 2628 1346 2706 sepul-

291 2730 403 2791 chrum
418 2730 511 2803 adiit,
533 2736 563 2789 et
585 2730 722 2809 qualiter
738 2731 861 2809 lignum
877 2731 1076 2792 dominicum
1091 2749 1201 2792 secum
1221 2732 1346 2806 attulit,

291 2833 376 2894 unde
402 2832 518 2893 multas
547 2833 700 2894 ecclesias
728 2833 870 2908 dotavit,
899 2835 1040 2898 scribere
1064 2854 1190 2916 nequeo
1214 2855 1220 2896 :
1244 2837 1347 2916 magis

291 2937 400 2999 deficit
413 2955 527 2997 manus
540 2943 571 2997 et
587 2936 728 2998 calamus
741 2957 836 3017 quam
851 2939 919 2999 eius
939 2939 1083 3002 historia.

330 3042 607 3115 Quemadmodum
624 3049 731 3104 tamen
744 3050 817 3123 post
831 3044 1054 3106 liberationem
1069 3046 1192 3107 telluris
1211 3045 1347 3108 Galeciae

292 3151 331 3212 ab
347 3150 497 3229 Hispania
513 3149 608 3210 rediit
622 3149 663 3210 ad
676 3149 821 3223 Galliam,
835 3149 929 3211 nobis
944 3150 1084 3212 breviter
1097 3150 1271 3212 dicendum
1285 3156 1345 3210 est.
