3042 4942
772 451 967 521 „22-

337 606 491 682 pugnant,
504 600 536 660 lri
548 600 709 673 inimicos,
723 598 757 659 id
768 604 816 659 est
826 598 991 659 daemones
1002 599 1056 678 qui
1067 598 1150 658 vicia
1161 596 1401 669 administrant,

337 706 430 767 lacile
444 705 606 767 occidunt.
619 704 690 765 Non
704 703 912 765 coronabitur
923 705 1005 784 quis,
1019 705 1124 784 inquit
1136 703 1322 783 Apostolus,
1337 703 1401 763 nisi

339 813 392 891 qui
404 811 544 891 legitime
556 811 735 871 certaverit.
749 845 787 854 -
798 809 875 870 lnde
887 810 1058 871 mittuntur
1070 809 1201 871 ducenti
1213 815 1327 871 contra
1339 808 1402 869 du-

338 925 460 993 centos,
484 925 515 980 et
536 917 907 979 interficiuntur-omnes
931 915 1117 990 Sarraceni3
1142 916 1282 996 deniqne
1311 915 1402 975 mille

338 1031 450 1088 contra
463 1024 561 1097 mille,
578 1029 610 1084 et
623 1023 815 1086 occiduntur
829 1041 941 1084 omnes
958 1022 1136 1084 sarraceni.
1152 1021 1252 1095 Tunc,
1270 1021 1344 1082 data
1361 1039 1404 1082 ex

338 1137 473 1211 utraque
488 1135 577 1210 parte
592 1128 694 1202 trabe,
710 1129 799 1190 venit
813 1127 1011 1208 Aigolandus
1026 1127 1066 1189 ad
1078 1128 1278 1209 loquendum
1290 1127 1330 1189 ad
1345 1128 1404 1188 Ka-

339 1236 460 1310 rolum,
478 1234 640 1296 allirmans
651 1234 755 1314 legem
767 1234 1021 1296 Christianorum
1036 1235 1205 1296 meliorem
1218 1251 1290 1296 esse
1304 1251 1403 1315 quam

338 1339 442 1418 legem
453 1338 715 1418 sarracenorum,
729 1343 761 1397 et
773 1337 938 1416 pollicitus
953 1343 1003 1398 est
1016 1337 1131 1399 Karolo
1145 1337 1234 1417 quod
1249 1337 1302 1399 die
1314 1357 1402 1399 cras-

338 1446 405 1506 tina
416 1445 609 1524 baptismum
622 1443 690 1523 ipse
704 1448 736 1502 ct
751 1461 830 1522 gens
845 1461 902 1504 sua
918 1444 1089 1522 acciperet·
1109 1443 1218 1523 ltaque
1243 1443 1340 1504 rediit
1361 1443 1403 1504 ad

340 1555 467 1629 gentem
493 1567 593 1621 suam,
617 1555 649 1608 et
669 1546 750 1608 dixit
763 1547 893 1626 regibus
918 1553 950 1608 et
973 1548 1149 1609 maioribus
1172 1549 1238 1609 suis
1261 1567 1294 1609 se
1319 1548 1403 1610 velle

339 1653 534 1734 baptismum
557 1652 714 1731 accipere,
740 1657 771 1712 et
790 1652 944 1732 praecepit
960 1652 1084 1713 cunctis
1110 1651 1259 1730 gentibus
1285 1653 1352 1712 suis
1368 1657 1404 1711 ut

339 1759 576 1839 baptizarentur
600 1773 723 1830 omnes,
741 1755 830 1836 quod
857 1756 910 1817 alii
935 1763 1178 1832 concesserunt,
1205 1757 1257 1818 alii
1286 1777 1403 1820 renne—
1483 1797 1484 1802 κ

341 1870 427 1924 runt.

818 2047 921 2118 Xlll.

342 2277 385 2338 lle
408 2273 563 2338 oneramus
584 2293 633 2344 om
654 2293 750 2337 nnana
766 2293 795 2337 m
816 2292 948 2338 convrvro
966 2275 1078 2337 Karou
1095 2293 1132 2336 nr
1150 2293 1187 2336 aa
1210 2293 1404 2348 ranaaamns,

496 2431 500 2434 .
557 2399 634 2444 nans
656 2399 840 2444 aroannnnos
861 2397 1034 2457 seinamma
1056 2399 1187 2444 sunesra.

384 2607 525 2668 Crastina
547 2626 623 2669 vero
650 2609 700 2670 die
725 2610 810 2670 circa
830 2608 958 2669 tertiam
984 2606 1057 2669 data
1082 2607 1172 2668 treba
1195 2604 1293 2667 eundi
1310 2611 1342 2666 et
1358 2623 1408 2665 re·
1485 2661 1486 2670 ,

345 2712 483 2787 deundi‚
505 2715 593 2774 venit
617 2733 713 2776 cau-sa
736 2714 917 2794 baptizandi
945 2713 1142 2793 Aigolandus
1173 2713 1213 2774 ad
1238 2711 1405 2772 Karolum.

344 2819 415 2880 Mox
431 2825 466 2880 ut
487 2819 566 2880 vidit
585 2819 735 2881 Karolum
757 2821 797 2882 ad
811 2839 956 2882 mensam
972 2820 1197 2899 prandentem,
1220 2823 1251 2880 et
1275 2835 1408 2880 mensas

345 2926 461 2987 multas
473 2927 558 2988 circa
568 2945 641 2988 eum
652 2933 790 3006 paratas,
806 2927 1111 3008 discumbentesqne
1124 2925 1281 3008 quosdam
1291 2925 1406 2988 habitu

345 3034 473 3095 militari
493 3035 634 3109 indutos,
652 3035 810 3115 quosdam
826 3035 935 3097 habitu
956 3036 1138 3097 monachali
1155 3035 1194 3116 (l)
1208 3039 1404 3108 abstentos,

345 3139 502 3219 quosdam
514 3138 692 3200 canonicali
708 3139 819 3200 habitu
837 3138 917 3201 albis
933 3137 1075 3213 indutos,
1093 3137 1249 3220 quosdam
1264 3137 1406 3200 clericali

345 3243 455 3304 habitu
470 3248 583 3316 tectos
600 3241 809 3323 diversosque
824 3242 950 3304 diversa
964 3250 1052 3304 veste
1066 3243 1210 3317 indutos,
1226 3242 1406 3320 interroga-

346 3349 391 3409 vit
405 3348 555 3409 Karolum
568 3347 607 3409 de
622 3367 819 3429 unoquoque
834 3347 947 3410 ordine
962 3350 1053 3410 cuius
1066 3349 1153 3410 modi
1166 3367 1244 3428 gens
1256 3353 1332 3409 erat.
1348 3347 1406 3409 Cui

347 3454 479 3516 Karalus
491 3453 565 3527 :llli‚
582 3455 697 3535 inquit,
712 3475 793 3536 quos
808 3455 897 3516 vides
908 3456 1004 3517 birris
1020 3458 1114 3518 nnius
1129 3457 1246 3518 coloris
1260 3453 1403 3528 indutos,

347 3561 489 3641 episcopi
511 3567 542 3622 et
563 3561 746 3623 sacerdotes
770 3568 888 3625 nostrae
911 3563 990 3644 legis
1018 3572 1102 3637 sunt,
1130 3563 1184 3644 qui
1207 3561 1301 3624 nobis
1325 3561 1406 3641 legis

346 3671 506 3745 praeoepta
520 3673 695 3746 exponunt,
713 3671 744 3728 et
758 3687 775 3728 a
789 3669 930 3748 peccatis
953 3667 1134 3743 absolvunt,
1153 3675 1184 3730 et
1203 3667 1406 3728 benedictio-

349 3790 423 3832 nem
445 3773 539 3834 nobis
565 3773 761 3835 dominicam
784 3773 942 3836 tribuant.
971 3774 1057 3846 Quos
1076 3773 1187 3836 habitu
1212 3780 1279 3835 atro
1301 3771 1404 3847 vides,

349 3881 497 3942 monachi
514 3887 545 3943 et
559 3881 691 3944 abbates
705 3883 768 3945 illis
783 3883 822 3964 (2(
845 3884 1021 3946 sanctiores
1037 3889 1122 3957 sunt,
1140 3883 1193 3963 qui
1211 3881 1407 3944 dominicam

385 4095 418 4158 (l)
439 4099 484 4145 281
503 4113 508 4146 :
527 4096 691 4157 monachali3
710 4099 751 4158 tl,
770 4099 827 4156 142,
844 4099 891 4146 2³5
907 4112 913 4145 :
932 4095 1083 4146 monachili.

387 4187 422 4255 (a)
440 4191 486 4238 aar
503 4205 509 4238 ι
524 4189 570 4238 nn.
984 4181 986 4188 '
