3042 4942
213 595 387 667 milliariis,
411 599 442 656 et
456 597 547 654 erant
571 589 738 652 sarraceni
759 589 888 654 circiter
905 588 1018 652 decem
1041 588 1151 662 millia,
1176 589 1278 652 nostri

214 721 294 764 vero
311 701 412 764 ferme
440 711 494 760 sex
514 698 625 760 millia.
651 696 739 758 Tunc
762 696 923 775 disposuit
946 695 1080 761 Karolus
1101 695 1277 758 exereitum
1305 723 1309 730 ·

214 826 310 875 suum
325 808 357 868 in
372 806 475 868 tribus
489 804 616 877 turmis,
638 821 774 883 quarum
788 803 892 881 prima
905 801 1045 866 militum
1061 801 1277 881 probissimo-

213 932 287 976 rum
302 912 342 992 (l)
357 911 428 984 fuit,
445 907 588 971 secunda
602 907 759 987 peditum,
775 907 888 968 nltirua
906 924 981 967 vero
996 905 1133 968 militurn
1150 905 1254 968 extitit
1269 923 1276 978 ;

214 1026 248 1080 et
263 1015 428 1080 Sarraceni
446 1014 593 1076 similiter
604 1013 750 1074 lecerunt
762 1032 768 1085 ;
782 1030 920 1092 cumque
933 1013 1217 1092 appropinquaret,
1234 1011 1280 1071 iu-

213 1123 314 1184 bente
330 1118 457 1192 Karolo,
474 1118 578 1197 prima
600 1123 704 1178 turma
730 1117 866 1179 militum
884 1123 1068 1178 nostrorum
1085 1122 1196 1178 contra
1212 1117 1278 1196 pri·

214 1245 304 1288 mam
330 1231 467 1287 turmam
483 1221 621 1302 militum
640 1239 850 1300 paganorum,
871 1227 1029 1282 venerunt
1045 1226 1117 1282 ante
1136 1221 1279 1300 singulos

215 1351 320 1412 equos
333 1331 462 1392 illorum
474 1328 590 1407 singuli
599 1326 891 1405 peditesbabentes
904 1327 1005 1388 larvas
1019 1327 1108 1388 valde
1118 1327 1277 1400 barbatas,

215 1442 381 1510 cornutas,
407 1433 610 1497 demonibus
626 1432 824 1505 consimiles,
841 1439 1053 1512 tenentesque
1071 1433 1188 1510 singuli
1212 1433 1278 1494 sin-

215 1543 293 1622 gula
319 1542 462 1620 timpana
477 1557 548 1619 quae
573 1537 723 1600 manibus
740 1537 865 1598 fortiter
879 1537 1119 1616 percutiebaut3
1141 1556 1279 1617 quorum

215 1667 315 1710 voces
330 1653 361 1708 et
376 1646 501 1708 sonitus
514 1644 589 1723 equi
604 1650 788 1706 nostrorum
805 1643 941 1704 militum
956 1663 1030 1706 mox
1043 1650 1080 1704 nt
1096 1643 1277 1717 audieruut,

214 1754 578 1835 terribilesqueilloruru
586 1751 814 1816 similitudines
828 1751 988 1823 viderunt,
1003 1750 1277 1831 uimispuvelacti‚

213 1870 315 1936 tetro,
334 1862 425 1942 quasi
441 1865 595 1931 amentes,
611 1859 722 1937 fugere
737 1864 916 1937 coeperunt,
939 1864 970 1917 et
989 1857 1173 1918 nullatenus
1194 1857 1279 1918 mili-

215 1974 266 2028 tes
281 1985 337 2030 eos
348 1965 486 2028 retinere
502 1962 661 2024 valebant.
684 1961 827 2040 Cumque
842 1960 912 2022 aliae
931 1960 1002 2023 duae
1018 1966 1132 2024 turmae
1149 1965 1278 2024 nostro-

216 2091 289 2134 rum
304 2071 464 2132 exercitus
485 2069 621 2147 primam
644 2073 783 2128 turmam
797 2064 908 2144 fugere
933 2065 1094 2139 viderunt,
1119 2065 1151 2128 in
1172 2064 1279 2143 lugam

216 2195 332 2240 omnes
349 2192 514 2240 couversae
540 2177 625 2234 sunt.
650 2171 738 2232 Tunc
764 2170 931 2232 Sarraceni
950 2170 1042 2234 valde
1068 2170 1167 2249 gavisi
1194 2175 1279 2230 retro
1358 2219 1360 2222 .

214 2284 305 2344 leuto
321 2279 421 2360 gradu
440 2277 601 2358 insequuti
617 2283 691 2339 sunt
705 2281 846 2354 nostros,
863 2295 1031 2356 quousque
1051 2276 1090 2338 ad
1108 2275 1280 2356 quemdam

215 2391 361 2451 montem
374 2361 581 2464 pervenimus
599 2382 653 2462 qui
670 2381 709 2442 ab
722 2381 803 2442 urbe
815 2380 881 2445 fere
897 2381 1024 2444 duobus
1039 2381 1198 2442 milliariis
1214 2380 1277 2442 dis·
1328 2456 1331 2463 Ι

215 2498 272 2554 tat.
288 2491 334 2552 lbi
346 2508 423 2550 vero
443 2506 556 2550 omnes
572 2486 742 2548 coadunati
758 2505 796 2546 ex
812 2485 1055 2566 nobismetipsis
1070 2486 1184 2546 asilum
1205 2484 1282 2548 feci-

215 2615 288 2658 mus
302 2594 375 2655 illos
389 2597 595 2672 expectantes
610 2590 649 2652 ad
664 2591 796 2652 bellum.
812 2589 905 2662 Quod
920 2591 964 2653 illi
975 2590 1121 2652 videntes
1137 2591 1280 2671 aliquan-

214 2701 320 2762 tulum
334 2679 419 2759 retro
434 2696 611 2758 redierunt.
628 2695 717 2757 lllico
726 2696 864 2757 tentoria
878 2701 988 2758 nostra
1004 2696 1144 2768 fiximus,
1156 2695 1201 2756 ibi
1216 2713 1280 2756 rna-

215 2811 331 2866 ueutes
348 2820 449 2881 usque
467 2801 700 2862 incrastinum.
717 2799 805 2860 blane
821 2806 927 2862 autem
942 2800 1039 2874 facto,
1057 2801 1190 2862 Karolus
1205 2819 1278 2862 cum

217 2908 371 2972 omnibus
384 2907 617 2988 pugnatoribus
634 2906 789 2986 praecepit
803 2911 838 2966 ut
852 2924 965 2968 omnes
980 2906 1104 2987 equites
1119 2906 1279 2968 exercitus

217 3013 320 3075 nostri
348 3029 506 3091 equorum
533 3027 665 3072 suorum
687 3010 792 3089 capita
814 3009 922 3069 liuteis
939 3015 970 3092 et
993 3009 1109 3088 pannis
1125 3007 1277 3080 velarent,

216 3137 258 3180 ne
272 3119 376 3178 larvas
394 3114 608 3177 nefandorum
626 3115 858 3195 perspicerent,
876 3121 907 3174 et
921 3132 1014 3175 aures
1031 3131 1143 3174 eorum
1165 3111 1278 3172 simili-

216 3233 266 3286 ter
279 3224 404 3286 fortiter
420 3222 609 3284 obturarent
623 3240 663 3282 ue
679 3221 896 3300 timpanorum
910 3220 1033 3290 sonitus
1046 3219 1204 3280 audirent.
1218 3217 1278 3278 Ars

216 3329 390 3391 mirabilis!
404 3327 492 3388 lllico
504 3321 621 3388 clausis
638 3325 740 3387 oculis
753 3331 784 3386 et
799 3326 929 3386 auribus
944 3343 1114 3405 equorum,
1132 3342 1277 3389 accesse-

217 3442 293 3498 runt
314 3433 516 3496 confidenter
531 3431 570 3493 ad
591 3450 733 3511 pugnam
747 3433 836 3511 parvi
864 3432 1043 3512 pendentes
1065 3432 1188 3493 sonitus
1207 3433 1280 3493 sub-

218 3542 311 3603 dolos
326 3534 511 3619 impiorum.
528 3538 615 3598 Tunc
629 3543 814 3598 constanter
828 3538 928 3599 nostri
945 3539 1039 3599 simul
1051 3557 1164 3599 omnes
1180 3556 1278 3618 expu-

217 3649 395 3727 gnaverunt
404 3643 502 3704 illosa
513 3661 605 3704 mane
615 3660 717 3722 usque
729 3642 769 3702 ad
782 3643 962 3715 meridiem,
976 3649 1007 3703 et
1019 3643 1137 3703 multos
1147 3642 1278 3703 illorum

218 3749 459 3822 iuterfecerunt,
475 3754 662 3809 nontamen
677 3745 833 3826 usquead
848 3747 992 3808 omnium
1008 3747 1275 3808 internecionem.

217 3857 255 3918 Et
266 3861 358 3917 eraut
371 3872 485 3916 omnes
501 3853 669 3916 Sarraceui
685 3853 780 3914 simul
796 3852 980 3926 coadunati,
997 3852 1069 3914 etin
1087 3851 1194 3914 medio
1209 3851 1278 3912 illo·
1352 3924 1364 3944 .

217 3981 290 4024 rum
304 3967 372 4023 erat
383 3960 563 4040 plaustrum
579 3959 666 4040 quod
682 3965 756 4021 octo
772 3959 872 4020 boves
888 3958 1061 4032 ducebant,
1074 3976 1170 4038 super
1189 3957 1276 4037 quod

253 4191 285 4252 (l)
305 4194 359 4239 rt:
375 4155 635 4254 probatissimorum.
