3042 4942
701 447 897 519 ..34-

270 593 339 674 ipsc
356 592 579 655 Rotbolandus
593 593 720 656 saltavit
736 595 777 656 ad
791 595 917 668 iaevam,
933 600 966 656 et
979 598 1106 677 excepit
1118 598 1219 660 ictum
1233 605 1334 679 spata

271 700 340 780 eius
354 700 386 759 in
409 698 526 761 bacuio
551 699 904 762 suo.1ntereaabsciso
926 699 1044 764 bacuio
1061 701 1272 778 Rotholandi,
1289 705 1333 766 ir-

271 805 335 866 ruit
354 805 387 866 in
412 823 485 866 eum
505 805 575 884 ipse
592 806 693 884 gigas,
709 812 740 866 et
756 806 847 867 illum
862 807 1019 886 arripiens
1033 808 1146 869 leviter
1166 808 1334 872 inclinavit

270 931 345 974 eum
360 911 470 972 subter
486 929 520 971 se
535 910 575 972 ad
586 917 715 972 terram.
732 911 846 972 Statim
861 913 992 991 agnovit
1006 912 1231 976 Rothoiandus
1244 916 1333 996 quod

270 1023 347 1078 tunc
358 1017 448 1078 nullu
462 1015 561 1076 modo
575 1015 712 1077 evadere
723 1022 861 1096 poterat,
875 1023 908 1077 et
919 1018 1018 1097 coepit
1029 1019 1181 1080 invocare
1195 1019 1229 1080 in
1242 1005 1331 1082 auxiss

270 1122 350 1182 lium
363 1121 465 1182 beatae
479 1120 582 1181 biariae
594 1121 729 1199 virginis
742 1120 856 1192 tilium,
872 1126 904 1181 et
919 1121 1022 1181 erexit
1033 1139 1078 1194 se,
1092 1122 1160 1184 beo
1176 1123 1329 1198 donante,

272 1226 517 1306 aliquantulum,
534 1232 565 1286 et
589 1226 726 1287 revolvit
749 1245 823 1287 eum
846 1226 957 1286 subter
981 1245 1026 1300 se,
1046 1234 1078 1287 et
1094 1229 1183 1289 misit
1201 1247 1331 1290 manum

271 1349 362 1392 suam
377 1331 416 1392 ad
436 1349 625 1392 mucronem
638 1331 720 1403 eius,
737 1337 768 1391 et
782 1331 896 1410 punxit
918 1331 988 1419 eius
1007 1350 1183 1412 parumper
1200 1333 1331 1396 umbili-

271 1455 356 1506 cum,
372 1441 404 1496 et
418 1437 518 1497 evasit
533 1435 635 1497 abeo.
656 1436 745 1496 Tunc
764 1436 893 1496 excelsa
905 1455 984 1498 voce
1002 1438 1102 1517 coepit
1119 1438 1222 1500 Deum
1237 1459 1331 1501 suum

271 1543 359 1621 gigas
387 1542 538 1603 invocare
560 1540 672 1602 dicens
693 1560 699 1600 :
728 1540 960 1614 biahummeth,
986 1541 1220 1617 itabummeth,
1246 1544 1331 1606 bons

269 1665 378 1719 meus,
393 1647 478 1708 [lens
493 1664 602 1718 meus,
618 1645 772 1706 succurre
788 1644 887 1705 michi
908 1646 985 1725 quia
998 1647 1062 1707 iam
1084 1649 1224 1709 morior!
1242 1649 1332 1710 —Et

271 1753 378 1814 statim
401 1751 441 1813 ad
467 1752 551 1812 hano
580 1769 694 1812 vocem
728 1755 937 1812 occurrentes
959 1751 1127 1814 Sarraceni
1154 1763 1331 1832 rapuerunt

271 1879 343 1921 eum
357 1865 522 1940 portantes
540 1858 690 1918 manibus
709 1859 775 1918 suis
789 1875 900 1919 versus
914 1858 1081 1938 oppidum,
1105 1858 1331 1922 Rotbolandus

151 1979 155 1986 '
273 1968 433 2028 veroium
460 1967 500 2026 ad
524 1985 600 2026 suos
623 1965 798 2026 incolumis
818 1965 969 2026 redierat.
985 1965 1331 2030 Etstatim-Christiani

271 2093 334 2134 arria
348 2092 420 2134 cum
443 2071 628 2133 Sarracenis
652 2072 706 2151 qui
728 2070 934 2132 Ferracutum
956 2071 1156 2146 deferebant,
1180 2075 1212 2134 in
1236 2077 1331 2156 oppi-

273 2181 349 2246 dum
363 2178 450 2259 quod
465 2184 533 2238 erat
547 2196 644 2257 super
667 2177 791 2250 urbem,
808 2177 931 2255 ingenti
947 2177 1068 2258 impetu
1084 2179 1309 2257 ingrediuntur
1322 2201 1329 2254 ;

177 2272 192 2277 '⁸
272 2286 382 2364 sicque
405 2285 493 2363 gigas
507 2283 687 2362 perimitur,
706 2281 783 2343 urbs
798 2288 830 2342 et
854 2289 995 2343 castrum
1010 2283 1146 2362 capitur,
1162 2291 1194 2344 et
1207 2305 1330 2366 pugna-

271 2393 357 2448 tores
374 2404 534 2448 coarcere
552 2385 743 2465 eripiuntur.

732 2635 870 2706 XVIII.

628 2866 672 2928 bu
690 2886 781 2930 nunno
801 2885 969 2930 urrunnun.
1028 2885 1030 2888 ·

313 3110 552 3192 Postsexignnm
569 3131 645 3173 vero
660 3116 788 3192 tempus
803 3112 938 3174 relatum
952 3116 1002 3177 ost
1019 3111 1206 3192 imperatori
1220 3115 1331 3172 nostro

273 3219 361 3299 quod
376 3217 461 3300 apud
484 3219 667 3282 Cordubam
681 3217 844 3292 Ebrahim,
870 3235 926 3278 rex
943 3217 1075 3291 Sibiliae,
1104 3222 1136 3281 et
1153 3216 1332 3304 Allumaior

273 3322 384 3402 quide
406 3322 493 3384 bello
515 3322 723 3402 PampiIoniae
742 3321 820 3382 olim
840 3321 1000 3401 fugerant,
1024 3321 1237 3402 expectabant
1258 3339 1332 3384 eum

273 3445 370 3488 causa
389 3419 565 3507 pugnandi,
588 3434 620 3488 et
643 3433 801 3490 venerunt
818 3426 859 3488 ad
883 3446 956 3488 enm
981 3427 1021 3507 (i)
1046 3427 1079 3487 in
1096 3425 1249 3488 auxilium
1273 3425 1331 3489 viri

273 3531 446 3596 bellatores
460 3533 499 3594 de
514 3538 638 3613 septem
658 3532 805 3606 urbibus,
822 3531 934 3593 Sibilia
948 3532 1082 3605 seilicet,
1098 3531 1256 3605 Granada,
1274 3530 1332 3594 Sa-

272 3636 348 3710 tiva‚
374 3636 486 3711 benia,
507 3636 629 3711 Ubeda,
647 3636 760 3709 abula,
777 3635 892 3698 Baecia.
910 3635 999 3698 Tunc
1016 3635 1176 3716 disposuit
1197 3635 1333 3703 Karalus

273 3742 319 3804 ire
334 3743 375 3805 ad
383 3741 504 3806 bellum
520 3742 726 3804 contraiilos.
744 3741 821 3803 Cum
836 3743 944 3822 itaque
958 3741 1142 3803 Cordubam
1156 3760 1229 3803 cum
1245 3761 1333 3807 exer-

275 3851 393 3914 citibus
419 3849 485 3910 suis
513 3848 799 3928 appropinquaret,
823 3848 970 3908 exierunt
994 3865 1085 3926 reges
1111 3846 1236 3926 praefati
1258 3865 1332 3910 oum

274 3953 469 4020 exercitibus
491 3952 557 4014 suis
578 3957 690 4012 contra
714 3969 788 4012 eum
808 3951 920 4012 armati
941 3950 1037 4030 longe
1063 3951 1103 4012 ab
1128 3951 1207 4012 urbe
1229 3949 1332 4016 tribus

309 4177 344 4245 (ll
364 4181 396 4228 18
411 4193 417 4228 2
433 4174 606 4228 veneruntad
619 4189 674 4230 eos.
