3042 4942
641 410 831 480 ,37-

199 554 235 612 111
250 553 349 614 Gallia
364 553 473 614 exules
491 555 586 615 misit.
602 556 689 616 Tunc
703 557 869 616 constituit
884 575 941 636 per
953 557 1097 618 civitates
1109 558 1266 617 antistites

200 667 236 720 et
251 659 461 738 presbiteros,
472 667 503 721 et
517 661 658 722 adunato
670 663 702 721 in
715 662 793 722 urbe
807 662 1023 742 Compostella
1038 663 1266 742 episcoporum

202 771 236 824 et
258 765 441 844 principum
466 766 617 840 concilio,
638 767 776 828 instituit
804 786 913 828 amore
938 766 1022 828 beati
1047 767 1153 827 lacobi
1181 767 1268 846 quod

202 872 316 932 cuncti
328 873 481 949 praesules
496 879 527 933 et
543 873 708 952 principes
723 879 754 932 et
769 891 859 952 reges
875 873 1053 946 christiani,
1068 873 1195 953 hispani
1210 874 1269 942 sci-

202 977 282 1038 licet
296 983 328 1037 et
341 978 496 1055 galeciani
509 983 687 1057 praesentes
698 983 730 1038 et
740 977 850 1050 futuri,
866 979 1020 1057 episcopo
1037 978 1144 1040 Sancti
1160 978 1268 1040 lacobi

203 1081 388 1142 obedirent.
411 1082 506 1162 Apud
525 1082 632 1142 Yriam
647 1082 819 1161 praesulem
839 1088 870 1142 et
885 1084 1016 1144 minime
1033 1084 1172 1144 instituit
1195 1085 1269 1163 quia

204 1185 294 1246 illam
316 1204 376 1265 pro
400 1186 479 1247 urbe
503 1205 568 1246 non
595 1187 764 1266 reputavit,
784 1186 840 1248 sed
865 1187 973 1248 villam
994 1188 1172 1250 subiectam
1195 1187 1269 1249 Sedi

204 1291 512 1370 compostellanensi
537 1309 608 1352 esse
631 1291 796 1371 praecepit.
818 1291 906 1354 Tunc
930 1293 962 1352 in
987 1294 1103 1354 eodem
1128 1293 1270 1354 concilio

205 1413 269 1472 ego
293 1394 467 1474 Turpinus,
494 1395 651 1456 remensis
674 1395 953 1476 archiepiscopus,
972 1397 1056 1458 beati
1079 1396 1186 1458 lacobi
1212 1397 1270 1458 ba-

207 1500 331 1561 silicam
356 1507 387 1560 et
407 1501 504 1561 altare
528 1520 600 1562 curn
627 1519 744 1562 novem
768 1502 931 1586 episcopis
955 1502 1061 1564 Karoli
1082 1508 1194 1582 rogatu
1210 1503 1270 1563 Ka-

206 1605 314 1665 lendis
338 1604 419 1682 lunii
443 1603 621 1666 honorilice
646 1605 809 1678 dedicavi,
827 1611 859 1666 et
882 1605 1064 1684 subiugavit
1085 1625 1141 1666 rex
1165 1605 1271 1666 eidem

206 1711 354 1771 ecclesiae
368 1715 468 1771 totam
485 1715 603 1770 terram
623 1710 823 1789 hispanicam
847 1717 878 1771 01
892 1711 1100 1790 galecianam,
1119 1710 1271 1791 deditque

208 1814 283 1874 01111
299 1813 385 1887 dote,
403 1814 596 1892 praecipiens
611 1820 644 1874 nt
658 1815 1061 1894 unusquisquepossessor
1072 1816 1274 1876 uniuscuius-

210 1939 272 1999 que
288 1919 402 1980 dornus
415 1921 514 1980 totius
527 1919 687 1999 hispaniae
702 1926 734 1980 01
748 1919 883 1981 Galeciae
899 1927 1038 2000 quatuor
1051 1939 1202 1982 nummos
1216 1940 1272 1982 an-

210 2023 332 2083 nuatim
354 2040 392 2082 011
417 2022 527 2084 debito
544 2023 644 2096 daret,
662 2027 693 2083 et
716 2022 756 2082 ab
773 2023 861 2083 omni
886 2023 1050 2097 servitute,
1071 2041 1144 2102 rege
1157 2025 1273 2103 praeci-

209 2130 330 2209 piente,
352 2129 445 2189 liberi
463 2134 582 2202 essent,
604 2135 635 2189 et
656 2129 862 2190 constituitur
877 2128 929 2189 die
945 2129 1001 2189 illo
1021 2135 1055 2190 ut
1069 2129 1123 2190 illa
1138 2109 1274 2190 ecclesia
1305 2173 1314 2188 1

210 2233 349 2312 amplius
370 2233 529 2293 vocitetur
544 2232 645 2293 Sedes
667 2233 862 2312 apostolica,
879 2252 918 2293 eo
939 2233 1087 2312 quodibi
1108 2232 1274 2313 apostolus

211 2340 347 2400 lacobus
373 2339 566 2418 requiescat,
590 2339 667 2399 etin
691 2359 727 2400 ea
743 2339 972 2418 episcoporum
994 2317 1094 2400 totius
1114 2339 1274 2419 Hispaniae

210 2445 325 2507 crebra
350 2444 682 2518 00001110101100111111,
710 2451 741 2506 01
755 2445 852 2524 virgae
867 2445 1078 2525 episcopales,
1105 2451 1137 2506 et
1152 2445 1275 2524 regales

211 2570 342 2612 coronae
355 2569 413 2630 per
425 2569 540 2612 manus
554 2551 699 2631 episcopi
711 2552 857 2612 eiusdem
871 2553 961 2613 urbis
972 2551 1012 2612 ad
1022 2552 1121 2612 decus
1130 2552 1275 2631 Apostoli
1314 2575 1319 2579 ·

211 2645 339 2716 Domini
357 2653 572 2734 praebeantur.
589 2655 627 2714 Et
642 2655 667 2716 si
681 2654 762 2715 fides
776 2655 809 2715 in
824 2655 894 2716 aliis
906 2655 1051 2729 urbibus,
1067 2655 1208 2735 peccatis
1221 2674 1278 2736 po-

210 2759 364 2840 pulorum
380 2759 593 2837 exigentibus,
610 2758 661 2819 vel
676 2759 839 2820 dominica
852 2766 1014 2839 praecepta
1026 2759 1214 2834 defecerint,
1230 2761 1275 2820 ibi

213 2863 360 2926 concilio
375 2862 524 2924 eiusdem
543 2863 688 2942 episcopi
705 2863 967 2937 reconcilientur,
985 2870 1016 2924 et
1040 2866 1154 2926 merito
1173 2865 1204 2924 in
1222 2865 1275 2925 illa

213 2969 351 3030 ecclesia
366 2968 541 3029 venerabili
557 2967 638 3029 fides
654 2969 856 3029 reconciliari
878 2975 910 3029 et
925 2969 1059 3029 stabiliri
1079 2968 1275 3042 decernitur,

213 3077 290 3156 quia
305 3077 388 3136 sicut
410 3093 468 3154 per
483 3074 613 3138 beatum
628 3074 804 3136 lohannem
825 3075 1053 3152 evangelistam
1068 3075 1153 3136 beati
1170 3075 1277 3136 lacobi

214 3179 346 3240 fratrem
368 3179 400 3238 in
426 3179 573 3238 orientali
596 3185 686 3258 parte
710 3179 795 3258 apud
817 3179 980 3258 Ephesum
1002 3178 1117 3239 Christi
1143 3179 1223 3240 fides
1247 3186 1279 3240 et

215 3282 394 3362 apostolica
417 3281 517 3342 Sedes
542 3283 731 3357 instituitur,
758 3284 804 3344 sic
832 3301 890 3362 per
910 3283 1042 3344 beatum
1065 3283 1217 3345 lacobum
1244 3285 1277 3346 in

216 3387 410 3449 occidentali
431 3391 520 3466 parte
536 3388 625 3466 regni
647 3388 703 3448 uei
727 3388 813 3467 apud
834 3388 992 3450 Galeriam
1016 3389 1096 3450 tides
1110 3390 1224 3451 eadem
1248 3397 1279 3450 et

217 3492 395 3572 apostolica
407 3491 507 3552 Sedes
520 3492 737 3553 constituitur.
757 3493 811 3553 llae
826 3498 901 3554 sunt
916 3494 1030 3572 procul
1045 3493 1144 3555 dubio
1160 3494 1276 3555 Sedes:

215 3598 362 3676 Ephesus
388 3597 523 3670 scilicet,
549 3603 692 3676 quaeest
717 3597 757 3658 ad
780 3597 945 3658 dexteram
966 3599 999 3658 in
1025 3617 1124 3678 regno
1146 3606 1278 3673 ,terreno

217 3703 346 3776 Christi,
374 3708 405 3762 et
420 3702 648 3782 Compostella,
668 3721 739 3782 quae
764 3708 812 3764 est
829 3702 869 3762 ad
885 3703 1059 3776 sinistram,
1077 3723 1148 3784 quae
1164 3704 1279 3765 videli-

217 3814 269 3868 cet
292 3807 392 3868 Sedes
406 3807 456 3867 his
481 3807 776 3878 duobuslratribus
803 3807 877 3867 filiis
899 3807 1037 3869 Zebedei
1060 3809 1091 3868 in
1120 3809 1278 3870 divisione

216 3913 460 3993 provinciarum
476 3913 692 3992 contigerunt,
713 3913 788 3992 quia
804 3913 865 3992 ipsi
887 3914 1076 3994 petieranta
1092 3914 1230 3974 Domino
1245 3920 1280 3975 ut

217 4036 302 4078 unus
319 4017 360 4078 ad
377 4016 541 4078 dexteram
555 4018 588 4077 111
604 4036 703 4096 regno
719 4018 788 4078 eius
805 4017 943 4090 sederet,
962 4023 993 4077 et
1004 4017 1083 4076 alius
1099 4017 1140 4077 ad
1153 4016 1277 4078 laevam.

216 4125 292 4186 Tres
309 4126 504 4205 apostolicas
518 4126 618 4187 Sedes
639 4126 835 4205 principales
854 4142 920 4203 prae
935 4122 1087 4183 omnibus
1103 4121 1234 4183 sedibus
1248 4123 1279 4183 in
