<?xml version="1.0" encoding="UTF-8"?>
<!DOCTYPE html PUBLIC "-//W3C//DTD XHTML 1.0 Transitional//EN"
    "http://www.w3.org/TR/xhtml1/DTD/xhtml1-transitional.dtd">
<html xmlns="http://www.w3.org/1999/xhtml" xml:lang="en" lang="en">
 <head>
  <title>
</title>
<meta http-equiv="Content-Type" content="text/html;charset=utf-8" />
  <meta name='ocr-system' content='tesseract 3.04.00' />
  <meta name='ocr-capabilities' content='ocr_page ocr_carea ocr_par ocr_line ocrx_word'/>
</head>
<body>
  <div class='ocr_page' id='page_1' title='image "./turpinihistoria00castgoog_0067.png"; bbox 0 0 3042 4942; ppageno 0'>
   <div class='ocr_carea' id='block_1_1' title="bbox 707 418 900 488">
    <p class='ocr_par' dir='ltr' id='par_1_1' title="bbox 707 418 900 488">
     <span class='ocr_line' id='line_1_1' title="bbox 707 418 900 488; baseline 0 -18"><span class='ocrx_word' id='word_1_1' title='bbox 707 418 900 488; x_wconf 75' lang='grc'>..48-</span> 
     </span>
    </p>
   </div>
   <div class='ocr_carea' id='block_1_2' title="bbox 202 565 1370 4237">
    <p class='ocr_par' dir='ltr' id='par_1_2' title="bbox 202 565 1370 4237">
     <span class='ocr_line' id='line_1_2' title="bbox 273 565 1347 646; baseline 0.002 -19"><span class='ocrx_word' id='word_1_2' title='bbox 273 566 420 628; x_wconf 87' lang='lat' dir='ltr'><strong>erimanti</strong></span> <span class='ocrx_word' id='word_1_3' title='bbox 432 566 592 640; x_wconf 80' lang='lat' dir='ltr'><strong>relaxasti,</strong></span> <span class='ocrx_word' id='word_1_4' title='bbox 610 572 641 627; x_wconf 90' lang='lat' dir='ltr'>et</span> <span class='ocrx_word' id='word_1_5' title='bbox 649 566 766 628; x_wconf 89' lang='lat' dir='ltr'><strong>latroni</strong></span> <span class='ocrx_word' id='word_1_6' title='bbox 782 565 948 628; x_wconf 88' lang='lat' dir='ltr'>confitenti</span> <span class='ocrx_word' id='word_1_7' title='bbox 963 565 1106 627; x_wconf 89' lang='lat' dir='ltr'><strong>Paradisi</strong></span> <span class='ocrx_word' id='word_1_8' title='bbox 1118 567 1248 636; x_wconf 87' lang='lat' dir='ltr'><strong>ianuam</strong></span> <span class='ocrx_word' id='word_1_9' title='bbox 1263 583 1347 646; x_wconf 66' lang='lat' dir='ltr'>ape·</span> 
     </span>
     <span class='ocr_line' id='line_1_3' title="bbox 273 671 1339 754; baseline 0.002 -22"><span class='ocrx_word' id='word_1_10' title='bbox 273 671 377 745; x_wconf 91' lang='lat' dir='ltr'>ruisti,</span> <span class='ocrx_word' id='word_1_11' title='bbox 390 672 487 733; x_wconf 89' lang='lat' dir='ltr'>michi</span> <span class='ocrx_word' id='word_1_12' title='bbox 500 673 626 734; x_wconf 90' lang='lat' dir='ltr'><strong>veniam</strong></span> <span class='ocrx_word' id='word_1_13' title='bbox 638 672 830 734; x_wconf 82' lang='lat' dir='ltr'>delictorum</span> <span class='ocrx_word' id='word_1_14' title='bbox 839 691 987 734; x_wconf 90' lang='lat' dir='ltr'>meorum</span> <span class='ocrx_word' id='word_1_15' title='bbox 1002 691 1066 734; x_wconf 92' lang='lat' dir='ltr'>non</span> <span class='ocrx_word' id='word_1_16' title='bbox 1079 672 1231 752; x_wconf 84' lang='lat' dir='ltr'>deneges,</span> <span class='ocrx_word' id='word_1_17' title='bbox 1242 673 1339 754; x_wconf 89' lang='lat' dir='ltr'>quid-</span> 
     </span>
     <span class='ocr_line' id='line_1_4' title="bbox 273 775 1337 858; baseline 0 -20"><span class='ocrx_word' id='word_1_18' title='bbox 273 775 351 857; x_wconf 86' lang='lat' dir='ltr'>quid</span> <span class='ocrx_word' id='word_1_19' title='bbox 365 777 440 838; x_wconf 93' lang='lat' dir='ltr'>inte</span> <span class='ocrx_word' id='word_1_20' title='bbox 453 778 596 858; x_wconf 90' lang='lat' dir='ltr'>peccavi,</span> <span class='ocrx_word' id='word_1_21' title='bbox 613 783 645 838; x_wconf 86' lang='lat' dir='ltr'>et</span> <span class='ocrx_word' id='word_1_22' title='bbox 657 777 795 838; x_wconf 87' lang='lat' dir='ltr'><strong>animam</strong></span> <span class='ocrx_word' id='word_1_23' title='bbox 810 795 913 838; x_wconf 89' lang='lat' dir='ltr'><strong>meam</strong></span> <span class='ocrx_word' id='word_1_24' title='bbox 926 777 959 838; x_wconf 94' lang='lat' dir='ltr'>in</span> <span class='ocrx_word' id='word_1_25' title='bbox 977 782 1098 839; x_wconf 89' lang='lat' dir='ltr'><strong>aeterna</strong></span> <span class='ocrx_word' id='word_1_26' title='bbox 1112 779 1222 858; x_wconf 90' lang='lat' dir='ltr'>requie</span> <span class='ocrx_word' id='word_1_27' title='bbox 1246 777 1298 840; x_wconf 84' lang='lat' dir='ltr'>res</span> <span class='ocrx_word' id='word_1_28' title='bbox 1322 814 1337 823; x_wconf 94' lang='lat'>-</span> 
     </span>
     <span class='ocr_line' id='line_1_5' title="bbox 202 875 1338 964; baseline 0.001 -19"><span class='ocrx_word' id='word_1_29' title='bbox 202 875 204 884; x_wconf 74' lang='grc'>’</span> <span class='ocrx_word' id='word_1_30' title='bbox 273 901 347 945; x_wconf 89' lang='lat' dir='ltr'>vere</span> <span class='ocrx_word' id='word_1_31' title='bbox 357 883 509 964; x_wconf 85' lang='lat' dir='ltr'>digneris.</span> <span class='ocrx_word' id='word_1_32' title='bbox 521 883 566 944; x_wconf 89' lang='lat' dir='ltr'>Tu</span> <span class='ocrx_word' id='word_1_33' title='bbox 580 883 666 944; x_wconf 94' lang='lat' dir='ltr'>enim</span> <span class='ocrx_word' id='word_1_34' title='bbox 681 902 715 945; x_wconf 92' lang='lat' dir='ltr'>es</span> <span class='ocrx_word' id='word_1_35' title='bbox 728 884 779 944; x_wconf 93' lang='lat' dir='ltr'>cui</span> <span class='ocrx_word' id='word_1_36' title='bbox 791 901 855 944; x_wconf 94' lang='lat' dir='ltr'>non</span> <span class='ocrx_word' id='word_1_37' title='bbox 869 883 1184 964; x_wconf 85' lang='lat' dir='ltr'>pereuntmoriendo</span> <span class='ocrx_word' id='word_1_38' title='bbox 1196 902 1338 964; x_wconf 88' lang='lat' dir='ltr'>corpora</span> 
     </span>
     <span class='ocr_line' id='line_1_6' title="bbox 273 987 1337 1076; baseline 0.001 -26"><span class='ocrx_word' id='word_1_39' title='bbox 273 995 394 1062; x_wconf 88' lang='lat' dir='ltr'><strong>nostra,</strong></span> <span class='ocrx_word' id='word_1_40' title='bbox 411 987 466 1076; x_wconf 83' lang='lat' dir='ltr'>sed</span> <span class='ocrx_word' id='word_1_41' title='bbox 483 993 646 1048; x_wconf 86' lang='lat' dir='ltr'><strong>mutantur</strong></span> <span class='ocrx_word' id='word_1_42' title='bbox 669 988 701 1049; x_wconf 94' lang='lat' dir='ltr'>in</span> <span class='ocrx_word' id='word_1_43' title='bbox 719 988 846 1062; x_wconf 89' lang='lat' dir='ltr'>meiius,</span> <span class='ocrx_word' id='word_1_44' title='bbox 864 989 918 1069; x_wconf 86' lang='lat' dir='ltr'>qui</span> <span class='ocrx_word' id='word_1_45' title='bbox 934 989 1074 1049; x_wconf 90' lang='lat' dir='ltr'><strong>animam</strong></span> <span class='ocrx_word' id='word_1_46' title='bbox 1090 1008 1107 1050; x_wconf 90' lang='lat' dir='ltr'><strong>a</strong></span> <span class='ocrx_word' id='word_1_47' title='bbox 1127 1007 1264 1068; x_wconf 91' lang='lat' dir='ltr'>corpore</span> <span class='ocrx_word' id='word_1_48' title='bbox 1287 1009 1337 1051; x_wconf 90' lang='lat' dir='ltr'>se-</span> 
     </span>
     <span class='ocr_line' id='line_1_7' title="bbox 272 1091 1335 1173; baseline 0 -19"><span class='ocrx_word' id='word_1_49' title='bbox 272 1098 415 1173; x_wconf 77' lang='lat' dir='ltr'><strong>paratam</strong></span> <span class='ocrx_word' id='word_1_50' title='bbox 431 1091 556 1153; x_wconf 87' lang='lat' dir='ltr'>meliori</span> <span class='ocrx_word' id='word_1_51' title='bbox 573 1093 635 1153; x_wconf 87' lang='lat' dir='ltr'><strong>vita</strong></span> <span class='ocrx_word' id='word_1_52' title='bbox 651 1093 757 1153; x_wconf 88' lang='lat' dir='ltr'>vivere</span> <span class='ocrx_word' id='word_1_53' title='bbox 771 1092 862 1165; x_wconf 82' lang='lat' dir='ltr'><strong>iacis,</strong></span> <span class='ocrx_word' id='word_1_54' title='bbox 880 1093 934 1172; x_wconf 92' lang='lat' dir='ltr'>qui</span> <span class='ocrx_word' id='word_1_55' title='bbox 948 1091 1056 1154; x_wconf 82' lang='lat' dir='ltr'><strong>dixisti</strong></span> <span class='ocrx_word' id='word_1_56' title='bbox 1071 1099 1102 1155; x_wconf 91' lang='lat' dir='ltr'>te</span> <span class='ocrx_word' id='word_1_57' title='bbox 1119 1093 1212 1154; x_wconf 88' lang='lat' dir='ltr'>malle</span> <span class='ocrx_word' id='word_1_58' title='bbox 1235 1094 1335 1155; x_wconf 91' lang='lat' dir='ltr'><strong>vitam</strong></span> 
     </span>
     <span class='ocr_line' id='line_1_8' title="bbox 271 1197 1336 1280; baseline 0.001 -20"><span class='ocrx_word' id='word_1_59' title='bbox 271 1197 451 1278; x_wconf 90' lang='lat' dir='ltr'>peccatoris</span> <span class='ocrx_word' id='word_1_60' title='bbox 467 1217 562 1278; x_wconf 88' lang='lat' dir='ltr'><strong>quam</strong></span> <span class='ocrx_word' id='word_1_61' title='bbox 572 1205 724 1259; x_wconf 91' lang='lat' dir='ltr'>mortem:</span> <span class='ocrx_word' id='word_1_62' title='bbox 740 1197 837 1259; x_wconf 92' lang='lat' dir='ltr'>credo</span> <span class='ocrx_word' id='word_1_63' title='bbox 850 1197 960 1272; x_wconf 90' lang='lat' dir='ltr'>corde,</span> <span class='ocrx_word' id='word_1_64' title='bbox 971 1205 1002 1259; x_wconf 91' lang='lat' dir='ltr'>et</span> <span class='ocrx_word' id='word_1_65' title='bbox 1013 1218 1069 1261; x_wconf 94' lang='lat' dir='ltr'>ore</span> <span class='ocrx_word' id='word_1_66' title='bbox 1085 1199 1243 1262; x_wconf 87' lang='lat' dir='ltr'>confiteor</span> <span class='ocrx_word' id='word_1_67' title='bbox 1258 1201 1336 1280; x_wconf 88' lang='lat' dir='ltr'><strong>quia</strong></span> 
     </span>
     <span class='ocr_line' id='line_1_9' title="bbox 271 1297 1370 1386; baseline 0.002 -20"><span class='ocrx_word' id='word_1_68' title='bbox 271 1304 390 1366; x_wconf 79' lang='lat' dir='ltr'><strong>iccirco</strong></span> <span class='ocrx_word' id='word_1_69' title='bbox 406 1305 545 1365; x_wconf 92' lang='lat' dir='ltr'><strong>animam</strong></span> <span class='ocrx_word' id='word_1_70' title='bbox 560 1323 663 1366; x_wconf 88' lang='lat' dir='ltr'>meam</span> <span class='ocrx_word' id='word_1_71' title='bbox 677 1304 715 1366; x_wconf 89' lang='lat' dir='ltr'>ab</span> <span class='ocrx_word' id='word_1_72' title='bbox 727 1305 786 1366; x_wconf 87' lang='lat' dir='ltr'>hac</span> <span class='ocrx_word' id='word_1_73' title='bbox 803 1306 866 1366; x_wconf 91' lang='lat' dir='ltr'><strong>vita</strong></span> <span class='ocrx_word' id='word_1_74' title='bbox 882 1306 930 1367; x_wconf 92' lang='lat' dir='ltr'>vis</span> <span class='ocrx_word' id='word_1_75' title='bbox 946 1306 1096 1380; x_wconf 81' lang='lat' dir='ltr'>educere,</span> <span class='ocrx_word' id='word_1_76' title='bbox 1113 1312 1149 1368; x_wconf 95' lang='lat' dir='ltr'>ut</span> <span class='ocrx_word' id='word_1_77' title='bbox 1161 1312 1237 1386; x_wconf 90' lang='lat' dir='ltr'>post</span> <span class='ocrx_word' id='word_1_78' title='bbox 1250 1325 1337 1368; x_wconf 93' lang='lat' dir='ltr'>mor·</span> <span class='ocrx_word' id='word_1_79' title='bbox 1364 1297 1370 1304; x_wconf 71' lang='grc'><strong><em>’</em></strong></span> 
     </span>
     <span class='ocr_line' id='line_1_10' title="bbox 270 1403 1335 1476; baseline 0.006 -6"><span class='ocrx_word' id='word_1_80' title='bbox 270 1415 335 1472; x_wconf 93' lang='lat' dir='ltr'>tem</span> <span class='ocrx_word' id='word_1_81' title='bbox 352 1427 422 1470; x_wconf 85' lang='lat' dir='ltr'>eam</span> <span class='ocrx_word' id='word_1_82' title='bbox 447 1403 571 1470; x_wconf 86' lang='lat' dir='ltr'>meliori</span> <span class='ocrx_word' id='word_1_83' title='bbox 587 1409 650 1470; x_wconf 89' lang='lat' dir='ltr'><strong>vita</strong></span> <span class='ocrx_word' id='word_1_84' title='bbox 672 1408 771 1470; x_wconf 86' lang='lat' dir='ltr'><strong>iacias</strong></span> <span class='ocrx_word' id='word_1_85' title='bbox 787 1409 910 1471; x_wconf 90' lang='lat' dir='ltr'>vivere:</span> <span class='ocrx_word' id='word_1_86' title='bbox 934 1429 1066 1472; x_wconf 88' lang='lat' dir='ltr'>sensum</span> <span class='ocrx_word' id='word_1_87' title='bbox 1082 1417 1114 1472; x_wconf 91' lang='lat' dir='ltr'>et</span> <span class='ocrx_word' id='word_1_88' title='bbox 1133 1412 1335 1476; x_wconf 88' lang='lat' dir='ltr'>intellectum</span> 
     </span>
     <span class='ocr_line' id='line_1_11' title="bbox 270 1515 1337 1598; baseline -0.001 -19"><span class='ocrx_word' id='word_1_89' title='bbox 270 1535 367 1598; x_wconf 90' lang='lat' dir='ltr'>quem</span> <span class='ocrx_word' id='word_1_90' title='bbox 381 1535 467 1578; x_wconf 94' lang='lat' dir='ltr'><strong>nunc</strong></span> <span class='ocrx_word' id='word_1_91' title='bbox 482 1515 589 1589; x_wconf 86' lang='lat' dir='ltr'><strong>babet,</strong></span> <span class='ocrx_word' id='word_1_92' title='bbox 604 1521 693 1577; x_wconf 88' lang='lat' dir='ltr'><strong>tanto</strong></span> <span class='ocrx_word' id='word_1_93' title='bbox 711 1516 878 1578; x_wconf 91' lang='lat' dir='ltr'>meliorem</span> <span class='ocrx_word' id='word_1_94' title='bbox 896 1517 1040 1591; x_wconf 88' lang='lat' dir='ltr'><strong>habebit,</strong></span> <span class='ocrx_word' id='word_1_95' title='bbox 1056 1524 1212 1598; x_wconf 87' lang='lat' dir='ltr'><strong>quantum</strong></span> <span class='ocrx_word' id='word_1_96' title='bbox 1227 1518 1337 1580; x_wconf 80' lang='lat' dir='ltr'>differt</span> 
     </span>
     <span class='ocr_line' id='line_1_12' title="bbox 270 1621 1336 1702; baseline -0.001 -17"><span class='ocrx_word' id='word_1_97' title='bbox 270 1622 383 1685; x_wconf 90' lang='lat' dir='ltr'><strong>umbra</strong></span> <span class='ocrx_word' id='word_1_98' title='bbox 398 1641 415 1683; x_wconf 91' lang='lat' dir='ltr'><strong>a</strong></span> <span class='ocrx_word' id='word_1_99' title='bbox 430 1639 576 1702; x_wconf 85' lang='lat' dir='ltr'>corpore.</span> <span class='ocrx_word' id='word_1_100' title='bbox 594 1621 681 1682; x_wconf 84' lang='lat' dir='ltr'>-Et</span> <span class='ocrx_word' id='word_1_101' title='bbox 698 1627 812 1682; x_wconf 88' lang='lat' dir='ltr'>tenens</span> <span class='ocrx_word' id='word_1_102' title='bbox 827 1621 945 1701; x_wconf 90' lang='lat' dir='ltr'>pellem</span> <span class='ocrx_word' id='word_1_103' title='bbox 955 1630 986 1684; x_wconf 89' lang='lat' dir='ltr'>et</span> <span class='ocrx_word' id='word_1_104' title='bbox 996 1623 1221 1685; x_wconf 87' lang='lat' dir='ltr'><strong>carnemcirca</strong></span> <span class='ocrx_word' id='word_1_105' title='bbox 1235 1641 1336 1684; x_wconf 92' lang='lat' dir='ltr'><strong>mam-</strong></span> 
     </span>
     <span class='ocr_line' id='line_1_13' title="bbox 271 1725 1338 1807; baseline 0.001 -17"><span class='ocrx_word' id='word_1_106' title='bbox 271 1747 339 1790; x_wconf 87' lang='lat' dir='ltr'>mas</span> <span class='ocrx_word' id='word_1_107' title='bbox 352 1734 383 1790; x_wconf 92' lang='lat' dir='ltr'>et</span> <span class='ocrx_word' id='word_1_108' title='bbox 398 1747 465 1803; x_wconf 88' lang='lat' dir='ltr'>cor,</span> <span class='ocrx_word' id='word_1_109' title='bbox 484 1732 518 1789; x_wconf 92' lang='lat' dir='ltr'>ut</span> <span class='ocrx_word' id='word_1_110' title='bbox 531 1725 618 1788; x_wconf 91' lang='lat' dir='ltr'>idem</span> <span class='ocrx_word' id='word_1_111' title='bbox 633 1726 908 1807; x_wconf 89' lang='lat' dir='ltr'>Tedricuspostea</span> <span class='ocrx_word' id='word_1_112' title='bbox 923 1728 1041 1801; x_wconf 87' lang='lat' dir='ltr'>retulit,</span> <span class='ocrx_word' id='word_1_113' title='bbox 1059 1728 1139 1790; x_wconf 82' lang='lat' dir='ltr'>dixit</span> <span class='ocrx_word' id='word_1_114' title='bbox 1154 1748 1229 1790; x_wconf 92' lang='lat' dir='ltr'>cnm</span> <span class='ocrx_word' id='word_1_115' title='bbox 1243 1729 1338 1791; x_wconf 92' lang='lat' dir='ltr'><strong>lacri-</strong></span> 
     </span>
     <span class='ocr_line' id='line_1_14' title="bbox 272 1832 1335 1913; baseline 0.001 -17"><span class='ocrx_word' id='word_1_116' title='bbox 272 1834 371 1896; x_wconf 90' lang='lat' dir='ltr'><strong>mosis</strong></span> <span class='ocrx_word' id='word_1_117' title='bbox 384 1833 573 1913; x_wconf 81' lang='lat' dir='ltr'><strong>gemitibus:</strong></span> <span class='ocrx_word' id='word_1_118' title='bbox 588 1832 723 1894; x_wconf 87' lang='lat' dir='ltr'>Domine</span> <span class='ocrx_word' id='word_1_119' title='bbox 739 1833 810 1894; x_wconf 90' lang='lat' dir='ltr'>Iesu</span> <span class='ocrx_word' id='word_1_120' title='bbox 826 1832 961 1907; x_wconf 82' lang='lat' dir='ltr'>Christe,</span> <span class='ocrx_word' id='word_1_121' title='bbox 975 1834 1020 1894; x_wconf 82' lang='lat' dir='ltr'>sili</span> <span class='ocrx_word' id='word_1_122' title='bbox 1035 1833 1093 1896; x_wconf 92' lang='lat' dir='ltr'>Dei</span> <span class='ocrx_word' id='word_1_123' title='bbox 1107 1835 1169 1894; x_wconf 90' lang='lat' dir='ltr'><strong>vivi</strong></span> <span class='ocrx_word' id='word_1_124' title='bbox 1186 1841 1218 1895; x_wconf 91' lang='lat' dir='ltr'>et</span> <span class='ocrx_word' id='word_1_125' title='bbox 1231 1835 1335 1898; x_wconf 87' lang='lat' dir='ltr'><strong>beatae</strong></span> 
     </span>
     <span class='ocr_line' id='line_1_15' title="bbox 270 1937 1337 2020; baseline 0 -18"><span class='ocrx_word' id='word_1_126' title='bbox 270 1940 373 2002; x_wconf 83' lang='lat' dir='ltr'><strong>lilariae</strong></span> <span class='ocrx_word' id='word_1_127' title='bbox 388 1939 532 2020; x_wconf 83' lang='lat' dir='ltr'>virginis,</span> <span class='ocrx_word' id='word_1_128' title='bbox 550 1938 626 2000; x_wconf 88' lang='lat' dir='ltr'><strong>totis</strong></span> <span class='ocrx_word' id='word_1_129' title='bbox 642 1937 819 1999; x_wconf 90' lang='lat' dir='ltr'>visceribus</span> <span class='ocrx_word' id='word_1_130' title='bbox 835 1944 865 1999; x_wconf 92' lang='lat' dir='ltr'>te</span> <span class='ocrx_word' id='word_1_131' title='bbox 885 1939 1053 2011; x_wconf 86' lang='lat' dir='ltr'>confiteor,</span> <span class='ocrx_word' id='word_1_132' title='bbox 1072 1945 1104 2000; x_wconf 87' lang='lat' dir='ltr'>et</span> <span class='ocrx_word' id='word_1_133' title='bbox 1126 1939 1224 2002; x_wconf 90' lang='lat' dir='ltr'>credo</span> <span class='ocrx_word' id='word_1_134' title='bbox 1246 1941 1337 2020; x_wconf 91' lang='lat' dir='ltr'>quod</span> 
     </span>
     <span class='ocr_line' id='line_1_16' title="bbox 271 2042 1338 2123; baseline 0 -17"><span class='ocrx_word' id='word_1_135' title='bbox 271 2051 305 2106; x_wconf 91' lang='lat' dir='ltr'>tn</span> <span class='ocrx_word' id='word_1_136' title='bbox 321 2044 507 2123; x_wconf 87' lang='lat' dir='ltr'>redemptor</span> <span class='ocrx_word' id='word_1_137' title='bbox 522 2061 613 2104; x_wconf 91' lang='lat' dir='ltr'>meus</span> <span class='ocrx_word' id='word_1_138' title='bbox 628 2042 721 2116; x_wconf 92' lang='lat' dir='ltr'>vivis,</span> <span class='ocrx_word' id='word_1_139' title='bbox 744 2047 775 2103; x_wconf 93' lang='lat' dir='ltr'>et</span> <span class='ocrx_word' id='word_1_140' title='bbox 791 2043 824 2102; x_wconf 96' lang='lat' dir='ltr'>in</span> <span class='ocrx_word' id='word_1_141' title='bbox 840 2043 1017 2105; x_wconf 87' lang='lat' dir='ltr'><strong>novissimo</strong></span> <span class='ocrx_word' id='word_1_142' title='bbox 1034 2043 1085 2104; x_wconf 91' lang='lat' dir='ltr'>die</span> <span class='ocrx_word' id='word_1_143' title='bbox 1104 2043 1143 2105; x_wconf 92' lang='lat' dir='ltr'>de</span> <span class='ocrx_word' id='word_1_144' title='bbox 1165 2049 1250 2105; x_wconf 87' lang='lat' dir='ltr'>terra</span> <span class='ocrx_word' id='word_1_145' title='bbox 1269 2063 1338 2106; x_wconf 92' lang='lat' dir='ltr'>sur-</span> 
     </span>
     <span class='ocr_line' id='line_1_17' title="bbox 271 2147 1336 2223; baseline -0.001 -11"><span class='ocrx_word' id='word_1_146' title='bbox 271 2152 417 2212; x_wconf 90' lang='lat' dir='ltr'><strong>recturus</strong></span> <span class='ocrx_word' id='word_1_147' title='bbox 440 2167 522 2223; x_wconf 90' lang='lat' dir='ltr'>sum,</span> <span class='ocrx_word' id='word_1_148' title='bbox 547 2154 578 2208; x_wconf 93' lang='lat' dir='ltr'>et</span> <span class='ocrx_word' id='word_1_149' title='bbox 608 2148 641 2208; x_wconf 95' lang='lat' dir='ltr'>in</span> <span class='ocrx_word' id='word_1_150' title='bbox 663 2166 758 2209; x_wconf 87' lang='lat' dir='ltr'>carne</span> <span class='ocrx_word' id='word_1_151' title='bbox 783 2149 843 2209; x_wconf 89' lang='lat' dir='ltr'><strong>ista</strong></span> <span class='ocrx_word' id='word_1_152' title='bbox 869 2147 986 2210; x_wconf 91' lang='lat' dir='ltr'>videbo</span> <span class='ocrx_word' id='word_1_153' title='bbox 1009 2149 1111 2210; x_wconf 94' lang='lat' dir='ltr'>Deum</span> <span class='ocrx_word' id='word_1_154' title='bbox 1134 2148 1336 2211; x_wconf 86' lang='lat' dir='ltr'><strong>Salvatorem</strong></span> 
     </span>
     <span class='ocr_line' id='line_1_18' title="bbox 206 2254 1337 2335; baseline -0.002 -17"><span class='ocrx_word' id='word_1_155' title='bbox 206 2267 209 2282; x_wconf 61' lang='lat'>⁸</span> <span class='ocrx_word' id='word_1_156' title='bbox 273 2273 391 2318; x_wconf 93' lang='lat' dir='ltr'>meum.</span> <span class='ocrx_word' id='word_1_157' title='bbox 409 2290 448 2299; x_wconf 91' lang='lat'>—</span> <span class='ocrx_word' id='word_1_158' title='bbox 469 2254 583 2316; x_wconf 90' lang='lat' dir='ltr'><strong>Tribus</strong></span> <span class='ocrx_word' id='word_1_159' title='bbox 600 2255 723 2316; x_wconf 90' lang='lat' dir='ltr'><strong>vicibus</strong></span> <span class='ocrx_word' id='word_1_160' title='bbox 747 2273 877 2316; x_wconf 89' lang='lat' dir='ltr'>carnem</span> <span class='ocrx_word' id='word_1_161' title='bbox 898 2274 988 2315; x_wconf 89' lang='lat' dir='ltr'><strong>suam</strong></span> <span class='ocrx_word' id='word_1_162' title='bbox 1013 2262 1045 2316; x_wconf 88' lang='lat' dir='ltr'>et</span> <span class='ocrx_word' id='word_1_163' title='bbox 1068 2255 1186 2335; x_wconf 88' lang='lat' dir='ltr'>pellem</span> <span class='ocrx_word' id='word_1_164' title='bbox 1208 2255 1337 2317; x_wconf 86' lang='lat' dir='ltr'>fortiter</span> 
     </span>
     <span class='ocr_line' id='line_1_19' title="bbox 271 2360 1336 2424; baseline 0.001 -2"><span class='ocrx_word' id='word_1_165' title='bbox 271 2368 385 2424; x_wconf 90' lang='lat' dir='ltr'>tenens</span> <span class='ocrx_word' id='word_1_166' title='bbox 400 2361 549 2424; x_wconf 84' lang='lat' dir='ltr'><strong>manibus</strong></span> <span class='ocrx_word' id='word_1_167' title='bbox 565 2362 627 2422; x_wconf 89' lang='lat' dir='ltr'><strong>ait:</strong></span> <span class='ocrx_word' id='word_1_168' title='bbox 645 2360 682 2422; x_wconf 85' lang='lat' dir='ltr'>Et</span> <span class='ocrx_word' id='word_1_169' title='bbox 697 2361 729 2421; x_wconf 95' lang='lat' dir='ltr'>in</span> <span class='ocrx_word' id='word_1_170' title='bbox 747 2379 842 2422; x_wconf 89' lang='lat' dir='ltr'>carne</span> <span class='ocrx_word' id='word_1_171' title='bbox 859 2361 918 2422; x_wconf 92' lang='lat' dir='ltr'><strong>ista</strong></span> <span class='ocrx_word' id='word_1_172' title='bbox 940 2361 1057 2422; x_wconf 88' lang='lat' dir='ltr'>videbo</span> <span class='ocrx_word' id='word_1_173' title='bbox 1073 2361 1174 2422; x_wconf 91' lang='lat' dir='ltr'>Deum</span> <span class='ocrx_word' id='word_1_174' title='bbox 1189 2361 1336 2424; x_wconf 86' lang='lat' dir='ltr'><strong>Salvato-</strong></span> 
     </span>
     <span class='ocr_line' id='line_1_20' title="bbox 272 2467 1338 2547; baseline -0.001 -16"><span class='ocrx_word' id='word_1_175' title='bbox 272 2487 340 2531; x_wconf 87' lang='lat' dir='ltr'>rem</span> <span class='ocrx_word' id='word_1_176' title='bbox 354 2486 472 2530; x_wconf 90' lang='lat' dir='ltr'>meum.</span> <span class='ocrx_word' id='word_1_177' title='bbox 493 2503 531 2513; x_wconf 96' lang='lat'><em>-</em></span> <span class='ocrx_word' id='word_1_178' title='bbox 552 2467 590 2529; x_wconf 91' lang='lat' dir='ltr'>Et</span> <span class='ocrx_word' id='word_1_179' title='bbox 610 2467 697 2528; x_wconf 91' lang='lat' dir='ltr'><strong>misit</strong></span> <span class='ocrx_word' id='word_1_180' title='bbox 712 2485 825 2528; x_wconf 89' lang='lat' dir='ltr'><strong>manus</strong></span> <span class='ocrx_word' id='word_1_181' title='bbox 850 2485 923 2528; x_wconf 89' lang='lat' dir='ltr'><strong>suas</strong></span> <span class='ocrx_word' id='word_1_182' title='bbox 939 2486 1036 2547; x_wconf 85' lang='lat' dir='ltr'>snper</span> <span class='ocrx_word' id='word_1_183' title='bbox 1056 2467 1168 2528; x_wconf 91' lang='lat' dir='ltr'>oculos</span> <span class='ocrx_word' id='word_1_184' title='bbox 1191 2486 1279 2542; x_wconf 89' lang='lat' dir='ltr'>suos,</span> <span class='ocrx_word' id='word_1_185' title='bbox 1305 2475 1338 2530; x_wconf 80' lang='lat' dir='ltr'>et</span> 
     </span>
     <span class='ocr_line' id='line_1_21' title="bbox 272 2553 1334 2652; baseline 0 -18"><span class='ocrx_word' id='word_1_186' title='bbox 272 2574 375 2636; x_wconf 90' lang='lat' dir='ltr'><strong>tribus</strong></span> <span class='ocrx_word' id='word_1_187' title='bbox 397 2573 521 2635; x_wconf 84' lang='lat' dir='ltr'><strong>vicibus</strong></span> <span class='ocrx_word' id='word_1_188' title='bbox 538 2572 685 2634; x_wconf 89' lang='lat' dir='ltr'>similiter</span> <span class='ocrx_word' id='word_1_189' title='bbox 701 2573 764 2633; x_wconf 90' lang='lat' dir='ltr'><strong>ait:</strong></span> <span class='ocrx_word' id='word_1_190' title='bbox 787 2571 825 2632; x_wconf 85' lang='lat' dir='ltr'>Et</span> <span class='ocrx_word' id='word_1_191' title='bbox 841 2572 924 2633; x_wconf 93' lang='lat' dir='ltr'><strong>oculi</strong></span> <span class='ocrx_word' id='word_1_192' title='bbox 942 2553 998 2633; x_wconf 88' lang='lat' dir='ltr'><strong>isti</strong></span> <span class='ocrx_word' id='word_1_193' title='bbox 1024 2574 1230 2652; x_wconf 89' lang='lat' dir='ltr'><strong>conspecturi</strong></span> <span class='ocrx_word' id='word_1_194' title='bbox 1247 2581 1334 2636; x_wconf 85' lang='lat' dir='ltr'><strong>sunt.</strong></span> 
     </span>
     <span class='ocr_line' id='line_1_22' title="bbox 273 2676 1336 2756; baseline 0.001 -18"><span class='ocrx_word' id='word_1_195' title='bbox 273 2677 357 2738; x_wconf 85' lang='lat' dir='ltr'>—Dt</span> <span class='ocrx_word' id='word_1_196' title='bbox 370 2695 510 2750; x_wconf 88' lang='lat' dir='ltr'>rursum,</span> <span class='ocrx_word' id='word_1_197' title='bbox 529 2676 646 2755; x_wconf 88' lang='lat' dir='ltr'>apertis</span> <span class='ocrx_word' id='word_1_198' title='bbox 661 2677 777 2750; x_wconf 90' lang='lat' dir='ltr'>oculis,</span> <span class='ocrx_word' id='word_1_199' title='bbox 796 2677 895 2756; x_wconf 88' lang='lat' dir='ltr'>coepit</span> <span class='ocrx_word' id='word_1_200' title='bbox 911 2677 1071 2756; x_wconf 87' lang='lat' dir='ltr'>respicere</span> <span class='ocrx_word' id='word_1_201' title='bbox 1086 2677 1203 2751; x_wconf 90' lang='lat' dir='ltr'>celum,</span> <span class='ocrx_word' id='word_1_202' title='bbox 1220 2684 1252 2739; x_wconf 94' lang='lat' dir='ltr'>et</span> <span class='ocrx_word' id='word_1_203' title='bbox 1263 2697 1336 2740; x_wconf 93' lang='lat' dir='ltr'>om-</span> 
     </span>
     <span class='ocr_line' id='line_1_23' title="bbox 273 2784 1339 2862; baseline -0.001 -15"><span class='ocrx_word' id='word_1_204' title='bbox 273 2805 331 2848; x_wconf 88' lang='lat' dir='ltr'>nes</span> <span class='ocrx_word' id='word_1_205' title='bbox 346 2791 433 2846; x_wconf 86' lang='lat' dir='ltr'><strong>artus</strong></span> <span class='ocrx_word' id='word_1_206' title='bbox 448 2802 523 2846; x_wconf 89' lang='lat' dir='ltr'>suos</span> <span class='ocrx_word' id='word_1_207' title='bbox 544 2789 575 2844; x_wconf 92' lang='lat' dir='ltr'>et</span> <span class='ocrx_word' id='word_1_208' title='bbox 588 2787 701 2862; x_wconf 89' lang='lat' dir='ltr'>pectus</span> <span class='ocrx_word' id='word_1_209' title='bbox 721 2785 813 2862; x_wconf 86' lang='lat' dir='ltr'>signo</span> <span class='ocrx_word' id='word_1_210' title='bbox 835 2789 953 2848; x_wconf 88' lang='lat' dir='ltr'><strong>sanctae</strong></span> <span class='ocrx_word' id='word_1_211' title='bbox 975 2784 1080 2845; x_wconf 92' lang='lat' dir='ltr'>crucis</span> <span class='ocrx_word' id='word_1_212' title='bbox 1101 2785 1227 2846; x_wconf 89' lang='lat' dir='ltr'>munire</span> <span class='ocrx_word' id='word_1_213' title='bbox 1243 2791 1274 2846; x_wconf 88' lang='lat' dir='ltr'>et</span> <span class='ocrx_word' id='word_1_214' title='bbox 1290 2785 1339 2846; x_wconf 94' lang='lat' dir='ltr'>di-</span> 
     </span>
     <span class='ocr_line' id='line_1_24' title="bbox 268 2888 1336 2962; baseline 0 -10"><span class='ocrx_word' id='word_1_215' title='bbox 268 2897 364 2953; x_wconf 90' lang='lat' dir='ltr'>cere:</span> <span class='ocrx_word' id='word_1_216' title='bbox 382 2888 496 2951; x_wconf 91' lang='lat' dir='ltr'><strong>Omnia</strong></span> <span class='ocrx_word' id='word_1_217' title='bbox 520 2895 646 2950; x_wconf 88' lang='lat' dir='ltr'>terrena</span> <span class='ocrx_word' id='word_1_218' title='bbox 672 2889 770 2950; x_wconf 90' lang='lat' dir='ltr'>michi</span> <span class='ocrx_word' id='word_1_219' title='bbox 794 2889 972 2962; x_wconf 84' lang='lat' dir='ltr'>vilescunt3</span> <span class='ocrx_word' id='word_1_220' title='bbox 990 2890 1189 2962; x_wconf 88' lang='lat' dir='ltr'>nunc-enim,</span> <span class='ocrx_word' id='word_1_221' title='bbox 1208 2889 1336 2952; x_wconf 87' lang='lat' dir='ltr'>Christo</span> 
     </span>
     <span class='ocr_line' id='line_1_25' title="bbox 274 2994 1337 3076; baseline -0.003 -16"><span class='ocrx_word' id='word_1_222' title='bbox 274 2997 426 3070; x_wconf 89' lang='lat' dir='ltr'>donante,</span> <span class='ocrx_word' id='word_1_223' title='bbox 453 2996 580 3057; x_wconf 90' lang='lat' dir='ltr'>intueor</span> <span class='ocrx_word' id='word_1_224' title='bbox 594 2994 682 3076; x_wconf 93' lang='lat' dir='ltr'>quod</span> <span class='ocrx_word' id='word_1_225' title='bbox 698 2995 812 3056; x_wconf 92' lang='lat' dir='ltr'>oculus</span> <span class='ocrx_word' id='word_1_226' title='bbox 828 3013 893 3056; x_wconf 93' lang='lat' dir='ltr'>non</span> <span class='ocrx_word' id='word_1_227' title='bbox 907 2995 998 3067; x_wconf 91' lang='lat' dir='ltr'>vidit,</span> <span class='ocrx_word' id='word_1_228' title='bbox 1017 3013 1122 3074; x_wconf 90' lang='lat' dir='ltr'>neque</span> <span class='ocrx_word' id='word_1_229' title='bbox 1141 2996 1228 3056; x_wconf 86' lang='lat' dir='ltr'><strong>auris</strong></span> <span class='ocrx_word' id='word_1_230' title='bbox 1242 2996 1337 3057; x_wconf 92' lang='lat' dir='ltr'><strong>audi-</strong></span> 
     </span>
     <span class='ocr_line' id='line_1_26' title="bbox 275 3100 1336 3180; baseline -0.002 -14"><span class='ocrx_word' id='word_1_231' title='bbox 275 3105 329 3178; x_wconf 91' lang='lat' dir='ltr'>vit,</span> <span class='ocrx_word' id='word_1_232' title='bbox 343 3102 624 3164; x_wconf 89' lang='lat' dir='ltr'>etiucorhominis</span> <span class='ocrx_word' id='word_1_233' title='bbox 635 3120 701 3164; x_wconf 94' lang='lat' dir='ltr'>non</span> <span class='ocrx_word' id='word_1_234' title='bbox 711 3101 866 3175; x_wconf 88' lang='lat' dir='ltr'>ascendit,</span> <span class='ocrx_word' id='word_1_235' title='bbox 879 3100 1166 3180; x_wconf 85' lang='lat' dir='ltr'>quodpraeparavit</span> <span class='ocrx_word' id='word_1_236' title='bbox 1178 3102 1336 3164; x_wconf 87' lang='lat' dir='ltr'><strong>Dominus</strong></span> 
     </span>
     <span class='ocr_line' id='line_1_27' title="bbox 275 3200 1337 3286; baseline 0 -17"><span class='ocrx_word' id='word_1_237' title='bbox 275 3206 482 3286; x_wconf 80' lang='lat' dir='ltr'><strong>diligentibus</strong></span> <span class='ocrx_word' id='word_1_238' title='bbox 506 3225 550 3267; x_wconf 89' lang='lat' dir='ltr'>se.</span> <span class='ocrx_word' id='word_1_239' title='bbox 568 3241 607 3250; x_wconf 95' lang='lat'><em>-</em></span> <span class='ocrx_word' id='word_1_240' title='bbox 631 3200 907 3285; x_wconf 77' lang='lat' dir='ltr'>Denique&#39;manus</span> <span class='ocrx_word' id='word_1_241' title='bbox 925 3225 999 3268; x_wconf 89' lang='lat' dir='ltr'><strong>suas</strong></span> <span class='ocrx_word' id='word_1_242' title='bbox 1021 3206 1060 3268; x_wconf 86' lang='lat' dir='ltr'>ad</span> <span class='ocrx_word' id='word_1_243' title='bbox 1088 3206 1258 3268; x_wconf 92' lang='lat' dir='ltr'>Dominum</span> <span class='ocrx_word' id='word_1_244' title='bbox 1279 3226 1337 3269; x_wconf 83' lang='lat' dir='ltr'>err-</span> 
     </span>
     <span class='ocr_line' id='line_1_28' title="bbox 274 3309 1336 3392; baseline 0 -20"><span class='ocrx_word' id='word_1_245' title='bbox 274 3310 420 3392; x_wconf 88' lang='lat' dir='ltr'>pandens</span> <span class='ocrx_word' id='word_1_246' title='bbox 434 3309 547 3372; x_wconf 80' lang='lat' dir='ltr'>effudit</span> <span class='ocrx_word' id='word_1_247' title='bbox 560 3328 673 3390; x_wconf 84' lang='lat' dir='ltr'>preces</span> <span class='ocrx_word' id='word_1_248' title='bbox 698 3328 757 3390; x_wconf 93' lang='lat' dir='ltr'>pro</span> <span class='ocrx_word' id='word_1_249' title='bbox 776 3310 814 3370; x_wconf 91' lang='lat' dir='ltr'>iis</span> <span class='ocrx_word' id='word_1_250' title='bbox 830 3311 932 3389; x_wconf 89' lang='lat' dir='ltr'><strong>quiin</strong></span> <span class='ocrx_word' id='word_1_251' title='bbox 954 3309 1040 3372; x_wconf 85' lang='lat' dir='ltr'><strong>bello</strong></span> <span class='ocrx_word' id='word_1_252' title='bbox 1055 3311 1190 3390; x_wconf 68' lang='lat' dir='ltr'>praefato</span> <span class='ocrx_word' id='word_1_253' title='bbox 1216 3313 1336 3374; x_wconf 93' lang='lat' dir='ltr'>mortui</span> 
     </span>
     <span class='ocr_line' id='line_1_29' title="bbox 274 3415 1336 3492; baseline 0.001 -13"><span class='ocrx_word' id='word_1_254' title='bbox 274 3423 359 3490; x_wconf 88' lang='lat' dir='ltr'>sunt,</span> <span class='ocrx_word' id='word_1_255' title='bbox 374 3415 505 3477; x_wconf 90' lang='lat' dir='ltr'>dicens:</span> <span class='ocrx_word' id='word_1_256' title='bbox 522 3415 709 3477; x_wconf 77' lang='lat' dir='ltr'><strong>Moneantur</strong></span> <span class='ocrx_word' id='word_1_257' title='bbox 723 3416 845 3477; x_wconf 87' lang='lat' dir='ltr'>viscere</span> <span class='ocrx_word' id='word_1_258' title='bbox 856 3416 1085 3479; x_wconf 68' lang='lat' dir='ltr'>misericordiae</span> <span class='ocrx_word' id='word_1_259' title='bbox 1095 3423 1171 3490; x_wconf 87' lang='lat' dir='ltr'>tuae,</span> <span class='ocrx_word' id='word_1_260' title='bbox 1185 3416 1336 3492; x_wconf 85' lang='lat' dir='ltr'>Domine,</span> 
     </span>
     <span class='ocr_line' id='line_1_30' title="bbox 274 3519 1337 3600; baseline 0.005 -19"><span class='ocrx_word' id='word_1_261' title='bbox 274 3538 371 3600; x_wconf 90' lang='lat' dir='ltr'>super</span> <span class='ocrx_word' id='word_1_262' title='bbox 385 3519 497 3582; x_wconf 83' lang='lat' dir='ltr'>fideles</span> <span class='ocrx_word' id='word_1_263' title='bbox 511 3527 584 3581; x_wconf 86' lang='lat' dir='ltr'><strong>tuos</strong></span> <span class='ocrx_word' id='word_1_264' title='bbox 600 3521 654 3600; x_wconf 91' lang='lat' dir='ltr'>qui</span> <span class='ocrx_word' id='word_1_265' title='bbox 677 3521 774 3582; x_wconf 91' lang='lat' dir='ltr'>hodie</span> <span class='ocrx_word' id='word_1_266' title='bbox 792 3522 824 3582; x_wconf 96' lang='lat' dir='ltr'>in</span> <span class='ocrx_word' id='word_1_267' title='bbox 841 3521 926 3584; x_wconf 89' lang='lat' dir='ltr'><strong>bello</strong></span> <span class='ocrx_word' id='word_1_268' title='bbox 950 3525 1069 3586; x_wconf 92' lang='lat' dir='ltr'>mortui</span> <span class='ocrx_word' id='word_1_269' title='bbox 1093 3532 1177 3586; x_wconf 89' lang='lat' dir='ltr'><strong>sunt.</strong></span> <span class='ocrx_word' id='word_1_270' title='bbox 1196 3524 1239 3586; x_wconf 91' lang='lat' dir='ltr'>De</span> <span class='ocrx_word' id='word_1_271' title='bbox 1262 3525 1337 3586; x_wconf 91' lang='lat' dir='ltr'><strong>ion-</strong></span> 
     </span>
     <span class='ocr_line' id='line_1_31' title="bbox 237 3626 1338 3711; baseline 0.007 -25"><span class='ocrx_word' id='word_1_272' title='bbox 237 3631 239 3636; x_wconf 86' lang='lat'>&#39;</span> <span class='ocrx_word' id='word_1_273' title='bbox 273 3627 402 3706; x_wconf 87' lang='lat' dir='ltr'>ginqnis</span> <span class='ocrx_word' id='word_1_274' title='bbox 431 3626 576 3706; x_wconf 90' lang='lat' dir='ltr'><strong>partibus</strong></span> <span class='ocrx_word' id='word_1_275' title='bbox 598 3627 630 3688; x_wconf 94' lang='lat' dir='ltr'>in</span> <span class='ocrx_word' id='word_1_276' title='bbox 660 3627 718 3689; x_wconf 88' lang='lat' dir='ltr'>bas</span> <span class='ocrx_word' id='word_1_277' title='bbox 741 3628 895 3690; x_wconf 87' lang='lat' dir='ltr'><strong>barbaras</strong></span> <span class='ocrx_word' id='word_1_278' title='bbox 923 3648 996 3690; x_wconf 89' lang='lat' dir='ltr'><strong>oras</strong></span> <span class='ocrx_word' id='word_1_279' title='bbox 1024 3630 1065 3692; x_wconf 93' lang='lat' dir='ltr'>ad</span> <span class='ocrx_word' id='word_1_280' title='bbox 1088 3631 1338 3711; x_wconf 80' lang='lat' dir='ltr'>expugnandam</span> 
     </span>
     <span class='ocr_line' id='line_1_32' title="bbox 273 3730 1339 3811; baseline 0.008 -19"><span class='ocrx_word' id='word_1_281' title='bbox 273 3736 401 3811; x_wconf 79' lang='lat' dir='ltr'>gentem</span> <span class='ocrx_word' id='word_1_282' title='bbox 422 3730 591 3810; x_wconf 86' lang='lat' dir='ltr'>perfidam,</span> <span class='ocrx_word' id='word_1_283' title='bbox 615 3738 645 3793; x_wconf 92' lang='lat' dir='ltr'>et</span> <span class='ocrx_word' id='word_1_284' title='bbox 664 3732 868 3794; x_wconf 86' lang='lat' dir='ltr'>exaltandum</span> <span class='ocrx_word' id='word_1_285' title='bbox 891 3752 1008 3795; x_wconf 92' lang='lat' dir='ltr'>nomen</span> <span class='ocrx_word' id='word_1_286' title='bbox 1024 3740 1170 3797; x_wconf 90' lang='lat' dir='ltr'><strong>sanctum</strong></span> <span class='ocrx_word' id='word_1_287' title='bbox 1184 3741 1286 3810; x_wconf 87' lang='lat' dir='ltr'>tuum,</span> <span class='ocrx_word' id='word_1_288' title='bbox 1304 3746 1339 3800; x_wconf 89' lang='lat' dir='ltr'>et</span> 
     </span>
     <span class='ocr_line' id='line_1_33' title="bbox 274 3835 1339 3918; baseline 0.008 -22"><span class='ocrx_word' id='word_1_289' title='bbox 274 3835 504 3897; x_wconf 85' lang='lat' dir='ltr'>vindicandum</span> <span class='ocrx_word' id='word_1_290' title='bbox 527 3838 716 3916; x_wconf 88' lang='lat' dir='ltr'>sanguinem</span> <span class='ocrx_word' id='word_1_291' title='bbox 740 3844 829 3898; x_wconf 92' lang='lat' dir='ltr'><strong>tuum</strong></span> <span class='ocrx_word' id='word_1_292' title='bbox 846 3841 1034 3918; x_wconf 88' lang='lat' dir='ltr'>pretiosum,</span> <span class='ocrx_word' id='word_1_293' title='bbox 1057 3847 1089 3902; x_wconf 91' lang='lat' dir='ltr'>et</span> <span class='ocrx_word' id='word_1_294' title='bbox 1109 3841 1339 3904; x_wconf 89' lang='lat' dir='ltr'>declarandam</span> 
     </span>
     <span class='ocr_line' id='line_1_34' title="bbox 273 3941 1338 4026; baseline 0.007 -23"><span class='ocrx_word' id='word_1_295' title='bbox 273 3941 370 4004; x_wconf 85' lang='lat' dir='ltr'>tidem</span> <span class='ocrx_word' id='word_1_296' title='bbox 386 3948 472 4004; x_wconf 89' lang='lat' dir='ltr'><strong>tuam</strong></span> <span class='ocrx_word' id='word_1_297' title='bbox 489 3942 705 4006; x_wconf 89' lang='lat' dir='ltr'>advenerunt:</span> <span class='ocrx_word' id='word_1_298' title='bbox 724 3963 810 4006; x_wconf 91' lang='lat' dir='ltr'><strong>nunc</strong></span> <span class='ocrx_word' id='word_1_299' title='bbox 827 3951 934 4006; x_wconf 89' lang='lat' dir='ltr'><strong>autem</strong></span> <span class='ocrx_word' id='word_1_300' title='bbox 948 3953 1049 4026; x_wconf 90' lang='lat' dir='ltr'>prote</span> <span class='ocrx_word' id='word_1_301' title='bbox 1065 3947 1338 4010; x_wconf 88' lang='lat' dir='ltr'><strong>manibusSarra-</strong></span> 
     </span>
     <span class='ocr_line' id='line_1_35' title="bbox 275 4050 1338 4130; baseline 0.006 -20"><span class='ocrx_word' id='word_1_302' title='bbox 275 4067 429 4111; x_wconf 88' lang='lat' dir='ltr'>cenorum</span> <span class='ocrx_word' id='word_1_303' title='bbox 442 4051 601 4130; x_wconf 91' lang='lat' dir='ltr'>perempti</span> <span class='ocrx_word' id='word_1_304' title='bbox 616 4050 741 4124; x_wconf 89' lang='lat' dir='ltr'><strong>iacent;</strong></span> <span class='ocrx_word' id='word_1_305' title='bbox 760 4051 816 4112; x_wconf 90' lang='lat' dir='ltr'>sed</span> <span class='ocrx_word' id='word_1_306' title='bbox 831 4057 877 4126; x_wconf 84' lang='lat' dir='ltr'>tu,</span> <span class='ocrx_word' id='word_1_307' title='bbox 894 4053 1042 4127; x_wconf 87' lang='lat' dir='ltr'>Domine,</span> <span class='ocrx_word' id='word_1_308' title='bbox 1055 4072 1168 4115; x_wconf 90' lang='lat' dir='ltr'>eorum</span> <span class='ocrx_word' id='word_1_309' title='bbox 1192 4054 1338 4118; x_wconf 85' lang='lat' dir='ltr'><strong>maculas</strong></span> 
     </span>
     <span class='ocr_line' id='line_1_36' title="bbox 276 4153 1339 4237; baseline 0.008 -23"><span class='ocrx_word' id='word_1_310' title='bbox 276 4153 452 4216; x_wconf 89' lang='lat' dir='ltr'>clementer</span> <span class='ocrx_word' id='word_1_311' title='bbox 469 4153 626 4235; x_wconf 83' lang='lat' dir='ltr'>absterge,</span> <span class='ocrx_word' id='word_1_312' title='bbox 645 4161 676 4216; x_wconf 92' lang='lat' dir='ltr'>et</span> <span class='ocrx_word' id='word_1_313' title='bbox 691 4175 709 4217; x_wconf 84' lang='lat' dir='ltr'><strong>a</strong></span> <span class='ocrx_word' id='word_1_314' title='bbox 723 4154 841 4217; x_wconf 86' lang='lat' dir='ltr'><strong>baratri</strong></span> <span class='ocrx_word' id='word_1_315' title='bbox 857 4157 1052 4220; x_wconf 90' lang='lat' dir='ltr'><strong>cruciatibus</strong></span> <span class='ocrx_word' id='word_1_316' title='bbox 1074 4159 1196 4220; x_wconf 86' lang='lat' dir='ltr'><strong>animas</strong></span> <span class='ocrx_word' id='word_1_317' title='bbox 1211 4157 1339 4237; x_wconf 89' lang='lat' dir='ltr'>eripere</span> 
     </span>
    </p>
   </div>
   <div class='ocr_carea' id='block_1_3' title="bbox 0 0 1526 4942">
    <p class='ocr_par' dir='ltr' id='par_1_3' title="bbox 0 0 1526 4942">
     <span class='ocr_line' id='line_1_37' title="bbox 0 0 1526 4942; baseline 0 0"><span class='ocrx_word' id='word_1_318' title='bbox 0 0 1526 4942; x_wconf 95' lang='lat' dir='ltr'> </span> 
     </span>
    </p>
   </div>
  </div>
 </body>
</html>
