3042 4942
597 417 789 488 „23-

155 565 360 626 maiestatem
377 579 505 643 semper
520 562 686 643 pronubis
711 562 883 642 implorare
898 580 963 624 non
984 567 1121 623 cessant.
1137 562 1223 635 Quos

154 671 271 732 habitu
285 668 424 732 candido
444 668 546 742 vides,
565 669 712 730 canonici
738 669 900 747 regulares
916 668 1068 730 dicuntur
1085 669 1140 748 qui
1155 685 1222 730 me-

155 778 275 838 liorem
299 776 492 838 secularium
517 781 636 836 sectam
651 781 772 848 tenent,
789 781 821 835 et
839 774 1010 855 pronubis
1036 775 1225 855 suppliciter

156 881 334 962 implorant
357 881 535 960 missasque
555 880 726 940 matutinas
747 883 779 939 et
794 879 890 940 boras
911 879 1091 940 dominicas
1107 878 1225 940 decan-

156 995 240 1050 tant.
252 987 422 1062 —lnterea
431 986 747 1066 vidensrligolandus
759 987 792 1047 in
802 986 939 1066 quadam
951 992 1041 1067 parta
1052 983 1225 1048 duodecim

156 1112 320 1174 pauperes
343 1093 525 1154 miserrimo
544 1091 656 1172 habitu
674 1091 805 1153 indutos
830 1092 869 1152 ad
890 1099 1008 1152 terram
1033 1091 1224 1167 residentes,
1330 1133 1333 1136 -

157 1203 231 1263 sine
242 1220 354 1262 mensa
368 1207 399 1262 et
413 1200 655 1261 linteaminibus
670 1200 888 1274 comedentes,
903 1219 1003 1280 parvo
1015 1200 1089 1262 cibo
1102 1207 1134 1262 et
1146 1207 1225 1281 potu

158 1312 301 1381 utentes,
331 1306 542 1384 interrogavit
566 1305 747 1367 cuiusmodi
769 1305 917 1367 homines
948 1313 1066 1367 essent.
1096 1307 1136 1367 nt
1158 1307 1226 1386 ipse

156 1412 297 1474 Karolus
310 1411 455 1473 ait1Haec
478 1417 526 1472 est
550 1430 628 1490 gens
650 1411 723 1485 Dei,
740 1412 849 1472 nuncii
874 1411 1000 1472 Domini
1023 1411 1093 1474 lesu
1110 1411 1225 1474 Christi

157 1537 247 1599 quos
264 1516 322 1578 sub
336 1535 471 1578 numero
484 1516 657 1578 duodecim
673 1517 894 1596 apostolorum
907 1518 1035 1578 Domini
1047 1537 1105 1598 per
1116 1537 1228 1579 unum-

156 1643 323 1705 quemque
340 1623 425 1684 diem
442 1642 480 1684 ex
493 1642 583 1685 more
600 1624 773 1702 pascimus.
791 1659 829 1668 —
844 1624 933 1685 Tune
945 1625 1143 1703 Aigolandus
1158 1643 1226 1686 res-

157 1731 278 1811 pondit
291 1749 298 1790 :
312 1729 348 1790 lli
362 1730 416 1809 qui
432 1729 518 1790 circa
532 1735 563 1790 te
576 1728 691 1790 sedent
705 1728 816 1790 felices
832 1737 916 1805 sunt,
930 1736 961 1790 et
976 1731 1021 1792 tui
1035 1737 1120 1805 sunt,
1134 1737 1165 1791 et
1180 1730 1194 1792 l
1213 1765 1226 1776 -

156 1836 267 1897 liciter
282 1833 467 1908 comedunt,
484 1840 515 1894 et
531 1834 657 1909 bibunt,
674 1834 911 1896 etinduuntur:
928 1835 973 1896 illi
986 1853 1062 1897 vero
1077 1851 1158 1916 quos
1170 1835 1226 1897 Dei

91 1930 94 1934 ’
156 1942 210 2004 tui
222 1942 353 2002 omnino
369 1959 439 2002 esse
455 1936 547 2014 dicis,
565 1947 596 2001 ct
613 1941 749 2002 nuncios
762 1941 832 2002 eius
847 1959 918 2003 esse
930 1942 1057 2016 asseris,
1073 1961 1130 2003 cur
1144 1939 1227 2002 lame

156 2052 310 2129 pereunt,
325 2052 356 2108 et
381 2046 463 2107 male
485 2047 675 2119 vestiuntur,
691 2049 722 2106 et
742 2045 837 2125 longe
860 2067 878 2107 a
902 2051 933 2108 te
955 2047 1181 2127 proliciuntur,
1197 2052 1228 2108 et

156 2153 299 2234 turpiter
312 2158 489 2213 tractantur
502 2151 749 2214 lmaleDomino
766 2171 824 2214 suo
838 2154 946 2226 servit,
960 2155 1013 2234 qui
1029 2156 1075 2215 sic
1090 2153 1228 2216 nuncios

158 2259 233 2322 eius
248 2258 383 2339 turpiter
397 2257 528 2338 recipit;
545 2273 693 2337 magnam
709 2258 936 2320 verecundiam
951 2257 1089 2321 Domino
1104 2279 1163 2322 suo
1185 2259 1200 2322 f
1217 2297 1229 2306 -

158 2363 219 2438 cit,
233 2363 287 2444 qui
302 2363 371 2424 eius
385 2362 513 2424 famulis
533 2362 576 2422 ita
599 2361 706 2423 servit.
721 2361 837 2441 Legem
856 2369 961 2437 tuam,
977 2381 1072 2443 quam
1097 2364 1228 2426 dicebas

159 2469 381 2543 essebonum,
398 2485 485 2529 nunc
500 2467 644 2529 ostendis
660 2467 783 2529 falsam.
800 2505 838 2512 —
854 2467 892 2529 nt
903 2475 1034 2549 accepta
1047 2469 1177 2531 lieentia
1189 2470 1228 2531 ab

159 2595 216 2649 eo,
229 2575 374 2636 rediitad
388 2593 475 2647 suos,
489 2581 520 2635 et
528 2573 680 2653 baptizari
693 2591 845 2648 renuens,
861 2575 1025 2636 mandavit
1038 2576 1066 2635 ei
1078 2575 1129 2636 die
1144 2595 1229 2637 cras-

159 2683 231 2742 tina
244 2681 375 2742 bellum.
389 2679 477 2740 Tunc
488 2679 622 2740 Karolus
632 2679 813 2759 intelligens
828 2681 916 2760 quod
929 2687 1061 2761 propter
1071 2700 1229 2762 pauperes

161 2803 247 2865 quos
261 2785 343 2846 male
356 2784 435 2845 vidit
448 2784 588 2857 tractari,
605 2784 710 2844 renuit
721 2783 918 2862 aigolandus
933 2785 1097 2866 baptizari,
1115 2805 1228 2848 omnes

161 2907 323 2970 pauperes
343 2907 424 2970 quos
447 2889 479 2949 in
505 2888 647 2948 exercitu
672 2887 805 2962 invenit,
834 2887 1004 2967 diligenter
1030 2891 1226 2970 procuravit,

163 2999 286 3078 optime
310 2997 426 3071 induit,
457 2995 565 3058 cibum
590 3002 621 3056 et
646 3001 759 3076 potum
782 2997 959 3057 honorilice
983 2997 1045 3057 illis
1072 3015 1110 3058 ex
1138 3015 1227 3058 more

162 3106 314 3188 praebuit.

206 3209 263 3272 Hic
279 3209 600 3282 animadvertendum
616 3227 709 3288 quam
725 3225 874 3288 magnam
892 3207 1020 3287 culpam
1035 3207 1229 3270 christianus

166 3317 303 3397 quilibet
315 3316 461 3395 acquirit,
476 3315 531 3394 qui
545 3313 661 3374 Christi
672 3313 869 3394 pauperibus
882 3314 1025 3375 studiose
1038 3333 1102 3375 non
1119 3315 1227 3374 servit.

167 3422 198 3483 Si
215 3422 349 3483 Karolus
362 3439 471 3500 regem
489 3419 714 3500 baptizandum
730 3425 761 3480 et
774 3426 900 3498 gentem
918 3439 1008 3480 suam
1021 3419 1174 3500 perdidit,
1190 3437 1228 3481 eo

166 3526 254 3608 quod
272 3525 354 3586 male
369 3543 526 3604 pauperes
540 3525 698 3598 tractavit,
716 3525 793 3604 quid
808 3525 867 3585 erit
881 3524 944 3586 illis
959 3526 989 3586 in
1006 3526 1138 3586 extremi
1156 3543 1229 3586 exa-

165 3633 262 3693 minis
278 3631 328 3692 die
344 3631 397 3710 qui
417 3630 499 3691 male
521 3647 679 3710 pauperes
693 3629 747 3691 hic
765 3635 965 3691 tractavere?
988 3629 1157 3702 Quomodo
1174 3647 1230 3691 au-

167 3741 257 3803 dient
280 3757 393 3801 vocem
418 3739 614 3800 dominicam
638 3738 815 3798 terribilem
838 3737 999 3799 dicentem
1016 3757 1022 3798 :
1039 3737 1230 3799 disceditea

165 3864 229 3918 me,
251 3844 413 3905 maledicti
430 3863 437 3903 ;
454 3844 496 3904 ite
511 3843 544 3902 in
559 3843 666 3920 ignem
687 3848 854 3916 aeternum,
872 3843 946 3922 quia
968 3842 1085 3904 esurivi
1111 3847 1141 3902 et
1163 3861 1228 3903 non

167 3948 302 4010 dedistis
323 3947 420 4008 michi
437 3946 657 4007 manducare?
672 3954 704 4005 et
719 3951 836 4007 cetera.
857 3944 1133 4006 Considerandum
1156 3945 1230 4024 quia

166 4055 217 4116 lex
232 4054 361 4115 Domini
376 4059 408 4114 et
421 4052 502 4113 fides
519 4052 587 4112 eius
604 4052 635 4112 in
653 4051 827 4112 christiano
841 4069 954 4130 parum
971 4051 1054 4116 valet
1070 4050 1130 4110 nisi
1151 4068 1228 4130 ope-

167 4162 257 4224 ribus
281 4161 505 4240 adimpleatur,
532 4158 688 4239 Apostolo
712 4159 910 4232 affirmante,
936 4158 990 4237 qui
1016 4157 1120 4218 dicit:
1148 4157 1230 4218 sicut
