3042 4942
604 467 799 537 „11-

166 619 204 679 in
225 618 372 679 tartareis
392 615 498 696 poenis
518 633 625 676 moras
646 633 697 676 me
718 613 879 693 intelligas
894 613 1021 690 secisse,
1039 621 1070 677 te
1083 623 1189 679 autem
1204 616 1235 676 in

166 725 288 786 codem
303 724 378 786 loco
394 721 543 783 infernali
559 721 646 783 unde
663 739 811 800 egressus
826 739 915 794 sum,
934 720 985 782 die
1001 723 1139 784 crastina
1155 725 1237 786 scias

166 828 380 908 ponendum,
396 833 427 888 et
441 845 492 887 me
506 827 539 887 in
554 826 706 888 Paradiso
721 825 875 887 futurum.
893 825 998 887 -llis
1021 827 1127 907 itaqua
1143 825 1237 890 dictis

168 939 323 995 mortuus
338 933 481 1006 recessit,
497 933 654 1011 vivusque
669 930 877 993 tremefactus
899 931 1072 1011 evigilavit.
1091 929 1149 1004 Qui
1165 949 1239 994 cum

169 1057 302 1100 summo
321 1055 416 1099 mane
431 1043 576 1098 narraret
584 1043 700 1098 cuncta
711 1054 782 1116 quaa
798 1036 953 1110 audierat,
966 1037 1130 1111 omnibus,
1143 1043 1238 1119 atque

170 1144 281 1204 omnis
297 1143 459 1204 exercitus
473 1142 611 1203 detenta
626 1161 659 1203 re
672 1142 802 1204 interse
818 1141 1015 1222 loqueretur,
1032 1161 1108 1205 ecce
1131 1143 1238 1206 subito

170 1249 335 1310 clamores
348 1265 532 1327 supereum
548 1247 581 1307 in
593 1265 677 1320 aere,
693 1247 784 1326 quasi
796 1247 919 1326 rugitus
930 1246 1073 1322 leonum,
1087 1248 1238 1329 luporum

171 1361 207 1416 et
222 1355 418 1427 vitulorum;
439 1353 587 1414 etstatim
609 1353 648 1414 de
670 1352 777 1413 medio
795 1351 1072 1415 circumstantium
1088 1373 1105 1416 a
1123 1355 1241 1417 daemo-

170 1461 271 1522 nibus
286 1461 319 1520 iu
332 1461 410 1540 ipsis
425 1458 600 1520 ululatibus
615 1459 706 1519 vivus
720 1477 756 1519 ac
771 1477 867 1520 sanus
882 1460 1016 1539 rapitur.
1030 1459 1112 1532 Quid
1127 1461 1239 1541 plura?

171 1565 333 1645 quaeritur
348 1569 486 1643 quatuor
502 1561 617 1623 diebus
628 1580 687 1642 per
701 1568 829 1622 montes
844 1567 876 1622 ct
899 1563 996 1624 valles
1017 1563 1057 1624 ab
1077 1564 1240 1644 equitibus

173 1675 208 1728 et
222 1667 389 1748 peditibus
404 1674 435 1728 et
449 1685 609 1746 nusquam
621 1666 794 1727 invenitur.
808 1651 964 1746 Denique,
982 1685 1056 1728 cum
1070 1675 1144 1748 post
1159 1667 1240 1732 duo-

174 1775 283 1836 decim
299 1773 368 1834 dies
383 1773 542 1834 exercitus
555 1779 664 1834 noster
678 1790 735 1852 per
749 1771 876 1833 deserta
887 1773 1010 1834 telluris
1026 1773 1239 1838 Navarrorum

174 1887 209 1943 ct
224 1880 397 1941 Alavarum
412 1885 627 1958 peragrasset,
640 1878 783 1958 repperit
801 1895 919 1958 corpus
937 1879 1005 1940 eius
1024 1880 1241 1943 exanimatum

176 2005 214 2047 ac
230 1985 433 2046 confractum
447 1985 481 2044 in
495 1983 664 2045 cuiusdam
678 1983 778 2044 silicis
799 1981 938 2062 fastigio,
956 1983 1046 2046 cuius
1065 1983 1241 2047 adscensus

174 2091 280 2152 tribus
296 2089 400 2168 leugis
415 2087 595 2148 habebatur
611 2105 708 2167 super
724 2105 822 2160 mare,
839 2085 961 2149 distans
975 2107 992 2148 a
1007 2087 1139 2168 praelata
1161 2088 1240 2152 urbe

176 2201 318 2275 quatuor
329 2193 434 2254 dietis.
452 2193 622 2253 Daemones
644 2209 720 2252 vero
738 2191 808 2252 cius
829 2209 947 2272 corpus
963 2191 1006 2252 ibi
1024 2193 1237 2272 proiecerant,

178 2304 385 2381 animamque
403 2301 443 2360 ad
457 2300 585 2360 Tartara
600 2304 782 2378 rapuerant.

220 2409 423 2489 Quapropter
446 2403 548 2468 sciant
570 2405 624 2484 qui
653 2409 855 2465 mortuorum
879 2403 1092 2467 eleemosinas
1114 2405 1174 2468 sibi
1200 2408 1238 2470 ad

180 2515 325 2578 dandum
351 2512 592 2575 commendatas
612 2511 730 2573 iniuste
756 2511 957 2584 retinentes
985 2511 1187 2574 damnandos
1207 2514 1240 2576 in

180 2641 296 2685 aevum.

662 2855 761 2926 Vlll.

324 3093 368 3152 DE
384 3111 472 3156 nuato
489 3092 741 3156 Snncv1Facunn1
758 3112 806 3156 Ulll
821 3112 922 3156 HASTAE
933 3111 1106 3157 VlllUEllUll'l'.

223 3351 339 3413 Postea
349 3368 426 3412 vero
439 3357 604 3430 coeperu'nt
615 3368 758 3431 quaerere
769 3350 982 3430 aligolandum
993 3367 1051 3432 per
1060 3350 1242 3432 llispaniam

184 3455 317 3517 llarolus
333 3461 365 3516 et
378 3455 451 3516 llilo
471 3474 544 3515 cum
564 3457 631 3517 suis
649 3455 859 3530 exercitibus;
884 3475 978 3537 quem
999 3475 1072 3518 cum
1087 3465 1178 3520 caute
1195 3459 1243 3520 in·

184 3561 389 3640 vestigarent,
403 3561 596 3622 invenerunt
608 3580 682 3622 eum
698 3562 728 3622 in
744 3567 829 3623 terra
841 3579 912 3642 quae
934 3561 1051 3624 dicitur
1066 3563 1105 3624 de
1119 3563 1244 3645 Campis

186 3685 282 3747 super
296 3667 416 3728 tlumcn
432 3666 520 3746 quod
535 3667 652 3727 dicitur
667 3667 751 3741 Ceio,
769 3669 801 3728 in
813 3669 924 3748 pratis,
941 3667 1064 3730 scilicet.
1076 3670 1107 3730 in
1123 3670 1246 3750 optimo

185 3779 215 3834 et
230 3773 328 3853 plano
342 3774 427 3847 loco,
452 3791 517 3852 quo
533 3779 646 3852 postea
662 3773 833 3835 beatorum
853 3781 1025 3856 martyrum
1049 3773 1190 3837 Facundi
1216 3781 1248 3837 et

186 3881 341 3942 Primitivi
365 3881 478 3960 ingens
498 3881 630 3942 basilica
649 3887 680 3942 ct
700 3883 820 3962 optima
840 3883 928 3945 iussu
953 3889 984 3945 et
1004 3883 1121 3946 auxilio
1142 3883 1245 3946 llaroli

181 3987 374 4063 lubricatur,
389 3989 422 4048 in
439 3995 547 4068 quaet
563 3989 752 4050 eorumdem
767 3995 941 4072 martyrum
956 4007 1093 4071 corpora
1109 3990 1249 4071 requies-

185 4099 274 4168 cunt,
301 4099 333 4153 ct
353 4093 587 4156 monachorum
614 4093 741 4155 abbatia
765 4095 982 4168 constituitur,
1001 4099 1031 4155 et
1048 4093 1250 4173 magnavilla

188 4200 400 4281 pinguissima
413 4200 446 4260 in
459 4199 575 4262 eodem
589 4200 673 4261 loco.
690 4200 1032 4281 Appropinquantibus
1051 4217 1127 4262 vero
1144 4199 1249 4286 Karoli
