<?xml version="1.0" encoding="UTF-8"?>
<!DOCTYPE html PUBLIC "-//W3C//DTD XHTML 1.0 Transitional//EN"
    "http://www.w3.org/TR/xhtml1/DTD/xhtml1-transitional.dtd">
<html xmlns="http://www.w3.org/1999/xhtml" xml:lang="en" lang="en">
 <head>
  <title>
</title>
<meta http-equiv="Content-Type" content="text/html;charset=utf-8" />
  <meta name='ocr-system' content='tesseract 3.04.00' />
  <meta name='ocr-capabilities' content='ocr_page ocr_carea ocr_par ocr_line ocrx_word'/>
</head>
<body>
  <div class='ocr_page' id='page_1' title='image "./turpinihistoria00castgoog_0088.png"; bbox 0 0 3042 4942; ppageno 0'>
   <div class='ocr_carea' id='block_1_1' title="bbox 587 382 784 454">
    <p class='ocr_par' dir='ltr' id='par_1_1' title="bbox 587 382 784 454">
     <span class='ocr_line' id='line_1_1' title="bbox 587 382 784 454; baseline 0 -22"><span class='ocrx_word' id='word_1_1' title='bbox 587 382 784 454; x_wconf 76' lang='grc'>...69-</span> 
     </span>
    </p>
   </div>
   <div class='ocr_carea' id='block_1_2' title="bbox 75 527 1220 4186">
    <p class='ocr_par' dir='ltr' id='par_1_2' title="bbox 75 527 1220 4186">
     <span class='ocr_line' id='line_1_2' title="bbox 158 527 1216 609; baseline 0.005 -23"><span class='ocrx_word' id='word_1_2' title='bbox 158 533 190 586; x_wconf 91' lang='lat' dir='ltr'>ut</span> <span class='ocrx_word' id='word_1_3' title='bbox 206 527 282 588; x_wconf 85' lang='lat' dir='ltr'>caeci</span> <span class='ocrx_word' id='word_1_4' title='bbox 305 531 460 600; x_wconf 79' lang='lat' dir='ltr'>errantes,</span> <span class='ocrx_word' id='word_1_5' title='bbox 478 527 677 589; x_wconf 89' lang='lat' dir='ltr'>amittebant.</span> <span class='ocrx_word' id='word_1_6' title='bbox 706 528 788 600; x_wconf 79' lang='lat' dir='ltr'>Quid</span> <span class='ocrx_word' id='word_1_7' title='bbox 812 528 925 608; x_wconf 82' lang='lat' dir='ltr'>plural</span> <span class='ocrx_word' id='word_1_8' title='bbox 940 528 1005 590; x_wconf 88' lang='lat' dir='ltr'>Hac</span> <span class='ocrx_word' id='word_1_9' title='bbox 1027 529 1216 609; x_wconf 81' lang='lat' dir='ltr'>aegritudine</span> 
     </span>
     <span class='ocr_line' id='line_1_3' title="bbox 112 631 1215 718; baseline 0.005 -28"><span class='ocrx_word' id='word_1_10' title='bbox 112 649 120 718; x_wconf 69' lang='lat' dir='ltr'>p</span> <span class='ocrx_word' id='word_1_11' title='bbox 157 631 241 692; x_wconf 91' lang='lat' dir='ltr'>idem</span> <span class='ocrx_word' id='word_1_12' title='bbox 269 632 461 693; x_wconf 81' lang='lat' dir='ltr'>Autumaior</span> <span class='ocrx_word' id='word_1_13' title='bbox 491 638 606 707; x_wconf 89' lang='lat' dir='ltr'>tactus,</span> <span class='ocrx_word' id='word_1_14' title='bbox 635 634 881 694; x_wconf 90' lang='lat' dir='ltr'>omninoetiam</span> <span class='ocrx_word' id='word_1_15' title='bbox 902 640 1051 708; x_wconf 78' lang='lat' dir='ltr'>caecatus,</span> <span class='ocrx_word' id='word_1_16' title='bbox 1079 635 1215 696; x_wconf 90' lang='lat' dir='ltr'>consilio</span> 
     </span>
     <span class='ocr_line' id='line_1_4' title="bbox 157 736 1217 819; baseline 0.003 -21"><span class='ocrx_word' id='word_1_17' title='bbox 157 736 323 798; x_wconf 91' lang='lat' dir='ltr'>cuiusdam</span> <span class='ocrx_word' id='word_1_18' title='bbox 338 737 421 818; x_wconf 91' lang='lat' dir='ltr'>capti</span> <span class='ocrx_word' id='word_1_19' title='bbox 434 738 483 798; x_wconf 94' lang='lat' dir='ltr'>sui</span> <span class='ocrx_word' id='word_1_20' title='bbox 501 737 646 799; x_wconf 90' lang='lat' dir='ltr'>eiusdem</span> <span class='ocrx_word' id='word_1_21' title='bbox 660 738 801 800; x_wconf 78' lang='lat' dir='ltr'>basilicae</span> <span class='ocrx_word' id='word_1_22' title='bbox 818 739 996 801; x_wconf 89' lang='lat' dir='ltr'>sacerdotis</span> <span class='ocrx_word' id='word_1_23' title='bbox 1012 739 1111 819; x_wconf 84' lang='lat' dir='ltr'>coepit</span> <span class='ocrx_word' id='word_1_24' title='bbox 1124 739 1217 800; x_wconf 89' lang='lat' dir='ltr'>invo-</span> 
     </span>
     <span class='ocr_line' id='line_1_5' title="bbox 156 842 1214 918; baseline 0.003 -15"><span class='ocrx_word' id='word_1_25' title='bbox 156 859 227 903; x_wconf 85' lang='lat' dir='ltr'>care</span> <span class='ocrx_word' id='word_1_26' title='bbox 242 842 345 904; x_wconf 86' lang='lat' dir='ltr'>Deum</span> <span class='ocrx_word' id='word_1_27' title='bbox 369 842 624 904; x_wconf 90' lang='lat' dir='ltr'>Christianorum</span> <span class='ocrx_word' id='word_1_28' title='bbox 641 844 673 903; x_wconf 94' lang='lat' dir='ltr'>in</span> <span class='ocrx_word' id='word_1_29' title='bbox 695 844 848 906; x_wconf 85' lang='lat' dir='ltr'>auxilium</span> <span class='ocrx_word' id='word_1_30' title='bbox 868 844 918 906; x_wconf 90' lang='lat' dir='ltr'>bis</span> <span class='ocrx_word' id='word_1_31' title='bbox 941 844 1059 918; x_wconf 83' lang='lat' dir='ltr'>verbis,</span> <span class='ocrx_word' id='word_1_32' title='bbox 1084 844 1214 906; x_wconf 87' lang='lat' dir='ltr'>dicens:</span> 
     </span>
     <span class='ocr_line' id='line_1_6' title="bbox 156 925 1214 1021; baseline 0.003 -17"><span class='ocrx_word' id='word_1_33' title='bbox 156 942 274 1006; x_wconf 80' lang='lat' dir='ltr'>Oileus</span> <span class='ocrx_word' id='word_1_34' title='bbox 284 925 548 1019; x_wconf 85' lang='lat' dir='ltr'>Christianorum,</span> <span class='ocrx_word' id='word_1_35' title='bbox 560 945 645 1007; x_wconf 87' lang='lat' dir='ltr'>Deus</span> <span class='ocrx_word' id='word_1_36' title='bbox 658 945 777 1019; x_wconf 87' lang='lat' dir='ltr'>lacobi,</span> <span class='ocrx_word' id='word_1_37' title='bbox 790 947 875 1008; x_wconf 87' lang='lat' dir='ltr'>Dens</span> <span class='ocrx_word' id='word_1_38' title='bbox 886 947 1003 1021; x_wconf 83' lang='lat' dir='ltr'>llariae,</span> <span class='ocrx_word' id='word_1_39' title='bbox 1015 947 1101 1008; x_wconf 87' lang='lat' dir='ltr'>Deus</span> <span class='ocrx_word' id='word_1_40' title='bbox 1117 947 1214 1021; x_wconf 92' lang='lat' dir='ltr'>Petri,</span> 
     </span>
     <span class='ocr_line' id='line_1_7' title="bbox 155 1048 1215 1132; baseline 0.004 -23"><span class='ocrx_word' id='word_1_41' title='bbox 155 1049 240 1110; x_wconf 85' lang='lat' dir='ltr'>Deus</span> <span class='ocrx_word' id='word_1_42' title='bbox 260 1048 396 1122; x_wconf 88' lang='lat' dir='ltr'>Martini,</span> <span class='ocrx_word' id='word_1_43' title='bbox 421 1049 504 1110; x_wconf 85' lang='lat' dir='ltr'>Deus</span> <span class='ocrx_word' id='word_1_44' title='bbox 519 1051 666 1111; x_wconf 91' lang='lat' dir='ltr'>omnium</span> <span class='ocrx_word' id='word_1_45' title='bbox 681 1049 947 1125; x_wconf 86' lang='lat' dir='ltr'>Christianorum,</span> <span class='ocrx_word' id='word_1_46' title='bbox 964 1051 990 1112; x_wconf 91' lang='lat' dir='ltr'>si</span> <span class='ocrx_word' id='word_1_47' title='bbox 1011 1069 1062 1112; x_wconf 91' lang='lat' dir='ltr'>me</span> <span class='ocrx_word' id='word_1_48' title='bbox 1077 1051 1118 1113; x_wconf 92' lang='lat' dir='ltr'>ad</span> <span class='ocrx_word' id='word_1_49' title='bbox 1131 1053 1215 1132; x_wconf 89' lang='lat' dir='ltr'>pris-</span> 
     </span>
     <span class='ocr_line' id='line_1_8' title="bbox 154 1155 1216 1228; baseline 0.003 -13"><span class='ocrx_word' id='word_1_50' title='bbox 154 1155 254 1216; x_wconf 90' lang='lat' dir='ltr'>tinam</span> <span class='ocrx_word' id='word_1_51' title='bbox 277 1155 445 1216; x_wconf 90' lang='lat' dir='ltr'>sanitatem</span> <span class='ocrx_word' id='word_1_52' title='bbox 459 1155 674 1228; x_wconf 81' lang='lat' dir='ltr'><strong>revocaveris,</strong></span> <span class='ocrx_word' id='word_1_53' title='bbox 702 1155 860 1216; x_wconf 89' lang='lat' dir='ltr'>ltlahnmet</span> <span class='ocrx_word' id='word_1_54' title='bbox 880 1155 977 1218; x_wconf 92' lang='lat' dir='ltr'>deum</span> <span class='ocrx_word' id='word_1_55' title='bbox 993 1175 1099 1218; x_wconf 88' lang='lat' dir='ltr'>meum</span> <span class='ocrx_word' id='word_1_56' title='bbox 1117 1157 1216 1218; x_wconf 90' lang='lat' dir='ltr'>abne-</span> 
     </span>
     <span class='ocr_line' id='line_1_9' title="bbox 155 1260 1216 1341; baseline 0.004 -21"><span class='ocrx_word' id='word_1_57' title='bbox 155 1261 237 1339; x_wconf 79' lang='lat' dir='ltr'>gabo</span> <span class='ocrx_word' id='word_1_58' title='bbox 250 1260 333 1321; x_wconf 89' lang='lat' dir='ltr'>etad</span> <span class='ocrx_word' id='word_1_59' title='bbox 351 1261 521 1322; x_wconf 90' lang='lat' dir='ltr'>ecclesiam</span> <span class='ocrx_word' id='word_1_60' title='bbox 536 1260 643 1322; x_wconf 90' lang='lat' dir='ltr'>iacobi</span> <span class='ocrx_word' id='word_1_61' title='bbox 665 1261 770 1340; x_wconf 85' lang='lat' dir='ltr'>magni</span> <span class='ocrx_word' id='word_1_62' title='bbox 788 1262 908 1341; x_wconf 82' lang='lat' dir='ltr'>rapinae</span> <span class='ocrx_word' id='word_1_63' title='bbox 927 1281 1023 1324; x_wconf 90' lang='lat' dir='ltr'>causa</span> <span class='ocrx_word' id='word_1_64' title='bbox 1044 1263 1128 1324; x_wconf 91' lang='lat' dir='ltr'>ultra</span> <span class='ocrx_word' id='word_1_65' title='bbox 1150 1281 1216 1324; x_wconf 94' lang='lat' dir='ltr'>non</span> 
     </span>
     <span class='ocr_line' id='line_1_10' title="bbox 155 1365 1216 1446; baseline 0.004 -20"><span class='ocrx_word' id='word_1_66' title='bbox 155 1366 293 1426; x_wconf 88' lang='lat' dir='ltr'>veniam.</span> <span class='ocrx_word' id='word_1_67' title='bbox 307 1365 331 1426; x_wconf 88' lang='lat' dir='ltr'>o</span> <span class='ocrx_word' id='word_1_68' title='bbox 347 1366 471 1440; x_wconf 91' lang='lat' dir='ltr'>lacobe,</span> <span class='ocrx_word' id='word_1_69' title='bbox 486 1368 533 1427; x_wconf 91' lang='lat' dir='ltr'>vir</span> <span class='ocrx_word' id='word_1_70' title='bbox 546 1385 671 1446; x_wconf 84' lang='lat' dir='ltr'>magne,</span> <span class='ocrx_word' id='word_1_71' title='bbox 685 1367 710 1426; x_wconf 95' lang='lat' dir='ltr'>si</span> <span class='ocrx_word' id='word_1_72' title='bbox 723 1368 826 1428; x_wconf 87' lang='lat' dir='ltr'>ventri</span> <span class='ocrx_word' id='word_1_73' title='bbox 840 1386 912 1429; x_wconf 92' lang='lat' dir='ltr'>meo</span> <span class='ocrx_word' id='word_1_74' title='bbox 924 1375 956 1429; x_wconf 93' lang='lat' dir='ltr'>et</span> <span class='ocrx_word' id='word_1_75' title='bbox 966 1369 1069 1431; x_wconf 89' lang='lat' dir='ltr'>oculis</span> <span class='ocrx_word' id='word_1_76' title='bbox 1080 1369 1216 1432; x_wconf 89' lang='lat' dir='ltr'>salutem</span> 
     </span>
     <span class='ocr_line' id='line_1_11' title="bbox 75 1471 1217 1554; baseline 0.004 -22"><span class='ocrx_word' id='word_1_77' title='bbox 75 1551 77 1554; x_wconf 22' lang='grc' dir='ltr'>Ι</span> <span class='ocrx_word' id='word_1_78' title='bbox 155 1471 296 1545; x_wconf 88' lang='lat' dir='ltr'>dederis,</span> <span class='ocrx_word' id='word_1_79' title='bbox 325 1471 479 1552; x_wconf 92' lang='lat' dir='ltr'>quicquid</span> <span class='ocrx_word' id='word_1_80' title='bbox 505 1492 523 1532; x_wconf 89' lang='lat' dir='ltr'>a</span> <span class='ocrx_word' id='word_1_81' title='bbox 546 1472 643 1534; x_wconf 94' lang='lat' dir='ltr'>domo</span> <span class='ocrx_word' id='word_1_82' title='bbox 668 1479 721 1534; x_wconf 90' lang='lat' dir='ltr'>tua</span> <span class='ocrx_word' id='word_1_83' title='bbox 746 1472 874 1546; x_wconf 89' lang='lat' dir='ltr'>abstuli,</span> <span class='ocrx_word' id='word_1_84' title='bbox 891 1475 1217 1536; x_wconf 86' lang='lat' dir='ltr'>restituam—Tunc</span> 
     </span>
     <span class='ocr_line' id='line_1_12' title="bbox 153 1574 1215 1656; baseline 0.002 -20"><span class='ocrx_word' id='word_1_85' title='bbox 153 1581 227 1655; x_wconf 92' lang='lat' dir='ltr'>post</span> <span class='ocrx_word' id='word_1_86' title='bbox 240 1574 426 1654; x_wconf 92' lang='lat' dir='ltr'>quindecim</span> <span class='ocrx_word' id='word_1_87' title='bbox 441 1574 520 1648; x_wconf 89' lang='lat' dir='ltr'>dies,</span> <span class='ocrx_word' id='word_1_88' title='bbox 535 1575 686 1636; x_wconf 87' lang='lat' dir='ltr'>omnibus</span> <span class='ocrx_word' id='word_1_89' title='bbox 701 1574 873 1656; x_wconf 78' lang='lat' dir='ltr'>dupliciter</span> <span class='ocrx_word' id='word_1_90' title='bbox 884 1577 1030 1638; x_wconf 85' lang='lat' dir='ltr'>ecclesiae</span> <span class='ocrx_word' id='word_1_91' title='bbox 1048 1578 1215 1652; x_wconf 90' lang='lat' dir='ltr'>restitutis,</span> 
     </span>
     <span class='ocr_line' id='line_1_13' title="bbox 155 1681 1216 1761; baseline 0.002 -19"><span class='ocrx_word' id='word_1_92' title='bbox 155 1682 195 1742; x_wconf 92' lang='lat' dir='ltr'>ad</span> <span class='ocrx_word' id='word_1_93' title='bbox 208 1682 377 1761; x_wconf 84' lang='lat' dir='ltr'>pristinam</span> <span class='ocrx_word' id='word_1_94' title='bbox 398 1682 567 1742; x_wconf 87' lang='lat' dir='ltr'>sanitatem</span> <span class='ocrx_word' id='word_1_95' title='bbox 590 1681 768 1743; x_wconf 78' lang='lat' dir='ltr'>Allumaior</span> <span class='ocrx_word' id='word_1_96' title='bbox 786 1688 954 1744; x_wconf 86' lang='lat' dir='ltr'>revocatus</span> <span class='ocrx_word' id='word_1_97' title='bbox 978 1689 1095 1745; x_wconf 87' lang='lat' dir='ltr'>aterra</span> <span class='ocrx_word' id='word_1_98' title='bbox 1115 1684 1216 1746; x_wconf 90' lang='lat' dir='ltr'>sancti</span> 
     </span>
     <span class='ocr_line' id='line_1_14' title="bbox 155 1787 1218 1867; baseline 0.002 -19"><span class='ocrx_word' id='word_1_99' title='bbox 155 1787 262 1848; x_wconf 92' lang='lat' dir='ltr'>lacobi</span> <span class='ocrx_word' id='word_1_100' title='bbox 276 1787 409 1860; x_wconf 84' lang='lat' dir='ltr'>recedit,</span> <span class='ocrx_word' id='word_1_101' title='bbox 426 1787 618 1866; x_wconf 91' lang='lat' dir='ltr'>promittens</span> <span class='ocrx_word' id='word_1_102' title='bbox 630 1805 664 1847; x_wconf 92' lang='lat' dir='ltr'>se</span> <span class='ocrx_word' id='word_1_103' title='bbox 683 1806 748 1848; x_wconf 93' lang='lat' dir='ltr'>non</span> <span class='ocrx_word' id='word_1_104' title='bbox 764 1787 901 1867; x_wconf 90' lang='lat' dir='ltr'>amplius</span> <span class='ocrx_word' id='word_1_105' title='bbox 914 1794 1084 1849; x_wconf 91' lang='lat' dir='ltr'>venturum</span> <span class='ocrx_word' id='word_1_106' title='bbox 1100 1789 1132 1849; x_wconf 93' lang='lat' dir='ltr'>in</span> <span class='ocrx_word' id='word_1_107' title='bbox 1146 1808 1218 1850; x_wconf 89' lang='lat' dir='ltr'>oras</span> 
     </span>
     <span class='ocr_line' id='line_1_15' title="bbox 154 1892 1217 1972; baseline 0.001 -18"><span class='ocrx_word' id='word_1_108' title='bbox 154 1895 224 1954; x_wconf 90' lang='lat' dir='ltr'>eius</span> <span class='ocrx_word' id='word_1_109' title='bbox 247 1911 343 1953; x_wconf 90' lang='lat' dir='ltr'>causa</span> <span class='ocrx_word' id='word_1_110' title='bbox 364 1893 496 1972; x_wconf 85' lang='lat' dir='ltr'>rapinae,</span> <span class='ocrx_word' id='word_1_111' title='bbox 513 1899 545 1953; x_wconf 92' lang='lat' dir='ltr'>et</span> <span class='ocrx_word' id='word_1_112' title='bbox 558 1892 740 1972; x_wconf 85' lang='lat' dir='ltr'>praedicatis</span> <span class='ocrx_word' id='word_1_113' title='bbox 760 1893 861 1953; x_wconf 87' lang='lat' dir='ltr'>Deum</span> <span class='ocrx_word' id='word_1_114' title='bbox 877 1892 1131 1954; x_wconf 90' lang='lat' dir='ltr'>Christianorum</span> <span class='ocrx_word' id='word_1_115' title='bbox 1146 1913 1217 1955; x_wconf 89' lang='lat' dir='ltr'>esse</span> 
     </span>
     <span class='ocr_line' id='line_1_16' title="bbox 155 1971 1217 2098; baseline 0 -39"><span class='ocrx_word' id='word_1_116' title='bbox 155 2016 324 2090; x_wconf 65' lang='lat' dir='ltr'>magnum,</span> <span class='ocrx_word' id='word_1_117' title='bbox 336 2003 367 2058; x_wconf 91' lang='lat' dir='ltr'>et</span> <span class='ocrx_word' id='word_1_118' title='bbox 377 1997 530 2059; x_wconf 89' lang='lat' dir='ltr'>iacobum</span> <span class='ocrx_word' id='word_1_119' title='bbox 544 2015 614 2058; x_wconf 91' lang='lat' dir='ltr'>esse</span> <span class='ocrx_word' id='word_1_120' title='bbox 631 2016 782 2076; x_wconf 82' lang='lat' dir='ltr'>magnum</span> <span class='ocrx_word' id='word_1_121' title='bbox 793 1971 1038 2098; x_wconf 64' lang='lat' dir='ltr'>virnmJPostea</span> <span class='ocrx_word' id='word_1_122' title='bbox 1053 2017 1129 2059; x_wconf 85' lang='lat' dir='ltr'>vero</span> <span class='ocrx_word' id='word_1_123' title='bbox 1144 2017 1217 2059; x_wconf 87' lang='lat' dir='ltr'>oras</span> 
     </span>
     <span class='ocr_line' id='line_1_17' title="bbox 154 2103 1218 2183; baseline 0 -18"><span class='ocrx_word' id='word_1_124' title='bbox 154 2104 338 2183; x_wconf 81' lang='lat' dir='ltr'>hispanicas</span> <span class='ocrx_word' id='word_1_125' title='bbox 353 2103 550 2164; x_wconf 90' lang='lat' dir='ltr'>devastando</span> <span class='ocrx_word' id='word_1_126' title='bbox 565 2103 763 2183; x_wconf 88' lang='lat' dir='ltr'>pervenitad</span> <span class='ocrx_word' id='word_1_127' title='bbox 781 2103 887 2162; x_wconf 90' lang='lat' dir='ltr'>villam</span> <span class='ocrx_word' id='word_1_128' title='bbox 903 2123 974 2183; x_wconf 84' lang='lat' dir='ltr'>quae</span> <span class='ocrx_word' id='word_1_129' title='bbox 987 2104 1083 2182; x_wconf 81' lang='lat' dir='ltr'>vulgo</span> <span class='ocrx_word' id='word_1_130' title='bbox 1100 2104 1218 2165; x_wconf 89' lang='lat' dir='ltr'>dicitur</span> 
     </span>
     <span class='ocr_line' id='line_1_18' title="bbox 156 2209 1218 2290; baseline 0 -19"><span class='ocrx_word' id='word_1_131' title='bbox 156 2211 261 2285; x_wconf 89' lang='lat' dir='ltr'>Orniz,</span> <span class='ocrx_word' id='word_1_132' title='bbox 282 2212 392 2290; x_wconf 88' lang='lat' dir='ltr'>inqua</span> <span class='ocrx_word' id='word_1_133' title='bbox 410 2210 495 2271; x_wconf 93' lang='lat' dir='ltr'>beati</span> <span class='ocrx_word' id='word_1_134' title='bbox 512 2209 648 2272; x_wconf 87' lang='lat' dir='ltr'>Romani</span> <span class='ocrx_word' id='word_1_135' title='bbox 668 2210 801 2270; x_wconf 90' lang='lat' dir='ltr'>basilica</span> <span class='ocrx_word' id='word_1_136' title='bbox 816 2211 938 2290; x_wconf 91' lang='lat' dir='ltr'>optima</span> <span class='ocrx_word' id='word_1_137' title='bbox 953 2229 989 2271; x_wconf 92' lang='lat' dir='ltr'>ac</span> <span class='ocrx_word' id='word_1_138' title='bbox 1001 2210 1218 2289; x_wconf 89' lang='lat' dir='ltr'>pulcherrima</span> 
     </span>
     <span class='ocr_line' id='line_1_19' title="bbox 156 2315 1219 2396; baseline -0.002 -18"><span class='ocrx_word' id='word_1_139' title='bbox 156 2323 235 2391; x_wconf 90' lang='lat' dir='ltr'>erat,</span> <span class='ocrx_word' id='word_1_140' title='bbox 257 2317 369 2396; x_wconf 91' lang='lat' dir='ltr'>palleis</span> <span class='ocrx_word' id='word_1_141' title='bbox 388 2322 419 2378; x_wconf 88' lang='lat' dir='ltr'>et</span> <span class='ocrx_word' id='word_1_142' title='bbox 439 2315 607 2378; x_wconf 87' lang='lat' dir='ltr'>codicibus</span> <span class='ocrx_word' id='word_1_143' title='bbox 629 2317 759 2396; x_wconf 89' lang='lat' dir='ltr'>optimis</span> <span class='ocrx_word' id='word_1_144' title='bbox 780 2323 811 2377; x_wconf 91' lang='lat' dir='ltr'>et</span> <span class='ocrx_word' id='word_1_145' title='bbox 834 2317 984 2379; x_wconf 89' lang='lat' dir='ltr'>crucibus</span> <span class='ocrx_word' id='word_1_146' title='bbox 1010 2318 1169 2396; x_wconf 81' lang='lat' dir='ltr'>argenteis</span> <span class='ocrx_word' id='word_1_147' title='bbox 1188 2323 1219 2377; x_wconf 87' lang='lat' dir='ltr'>et</span> 
     </span>
     <span class='ocr_line' id='line_1_20' title="bbox 156 2419 1218 2500; baseline 0 -20"><span class='ocrx_word' id='word_1_148' title='bbox 156 2422 251 2482; x_wconf 87' lang='lat' dir='ltr'>textis</span> <span class='ocrx_word' id='word_1_149' title='bbox 273 2422 377 2482; x_wconf 89' lang='lat' dir='ltr'>aureis</span> <span class='ocrx_word' id='word_1_150' title='bbox 394 2421 555 2482; x_wconf 89' lang='lat' dir='ltr'>decorata.</span> <span class='ocrx_word' id='word_1_151' title='bbox 573 2419 622 2480; x_wconf 86' lang='lat' dir='ltr'>Ad</span> <span class='ocrx_word' id='word_1_152' title='bbox 643 2439 739 2500; x_wconf 91' lang='lat' dir='ltr'>quam</span> <span class='ocrx_word' id='word_1_153' title='bbox 761 2420 939 2481; x_wconf 79' lang='lat' dir='ltr'>Altumaior</span> <span class='ocrx_word' id='word_1_154' title='bbox 957 2421 1092 2482; x_wconf 89' lang='lat' dir='ltr'>veniens</span> <span class='ocrx_word' id='word_1_155' title='bbox 1112 2420 1218 2500; x_wconf 89' lang='lat' dir='ltr'>rapuit</span> 
     </span>
     <span class='ocr_line' id='line_1_21' title="bbox 157 2525 1218 2608; baseline -0.004 -20"><span class='ocrx_word' id='word_1_156' title='bbox 157 2528 314 2608; x_wconf 87' lang='lat' dir='ltr'>quicquid</span> <span class='ocrx_word' id='word_1_157' title='bbox 339 2529 370 2588; x_wconf 94' lang='lat' dir='ltr'>in</span> <span class='ocrx_word' id='word_1_158' title='bbox 399 2546 435 2588; x_wconf 90' lang='lat' dir='ltr'>ea</span> <span class='ocrx_word' id='word_1_159' title='bbox 460 2527 592 2599; x_wconf 92' lang='lat' dir='ltr'>invenit,</span> <span class='ocrx_word' id='word_1_160' title='bbox 619 2532 651 2586; x_wconf 92' lang='lat' dir='ltr'>et</span> <span class='ocrx_word' id='word_1_161' title='bbox 673 2526 782 2586; x_wconf 90' lang='lat' dir='ltr'>villam</span> <span class='ocrx_word' id='word_1_162' title='bbox 804 2526 991 2598; x_wconf 87' lang='lat' dir='ltr'>devastavit,</span> <span class='ocrx_word' id='word_1_163' title='bbox 1020 2543 1157 2605; x_wconf 90' lang='lat' dir='ltr'>cumque</span> <span class='ocrx_word' id='word_1_164' title='bbox 1185 2525 1218 2584; x_wconf 95' lang='lat' dir='ltr'>in</span> 
     </span>
     <span class='ocr_line' id='line_1_22' title="bbox 156 2629 1218 2717; baseline -0.004 -24"><span class='ocrx_word' id='word_1_165' title='bbox 156 2633 269 2693; x_wconf 90' lang='lat' dir='ltr'>eadem</span> <span class='ocrx_word' id='word_1_166' title='bbox 286 2633 448 2717; x_wconf 87' lang='lat' dir='ltr'>villacum</span> <span class='ocrx_word' id='word_1_167' title='bbox 470 2633 535 2692; x_wconf 85' lang='lat' dir='ltr'>suis</span> <span class='ocrx_word' id='word_1_168' title='bbox 555 2629 750 2692; x_wconf 85' lang='lat' dir='ltr'>exercitibus</span> <span class='ocrx_word' id='word_1_169' title='bbox 770 2629 949 2709; x_wconf 85' lang='lat' dir='ltr'>hospitatus</span> <span class='ocrx_word' id='word_1_170' title='bbox 969 2635 1065 2702; x_wconf 92' lang='lat' dir='ltr'>esset,</span> <span class='ocrx_word' id='word_1_171' title='bbox 1087 2629 1218 2709; x_wconf 91' lang='lat' dir='ltr'>qnidam</span> 
     </span>
     <span class='ocr_line' id='line_1_23' title="bbox 157 2734 1219 2814; baseline -0.006 -14"><span class='ocrx_word' id='word_1_172' title='bbox 157 2739 221 2800; x_wconf 86' lang='lat' dir='ltr'>dux</span> <span class='ocrx_word' id='word_1_173' title='bbox 236 2737 435 2799; x_wconf 85' lang='lat' dir='ltr'>exercituum</span> <span class='ocrx_word' id='word_1_174' title='bbox 453 2737 522 2796; x_wconf 92' lang='lat' dir='ltr'>eins</span> <span class='ocrx_word' id='word_1_175' title='bbox 540 2736 704 2814; x_wconf 82' lang='lat' dir='ltr'>ingressus</span> <span class='ocrx_word' id='word_1_176' title='bbox 729 2735 760 2794; x_wconf 95' lang='lat' dir='ltr'>in</span> <span class='ocrx_word' id='word_1_177' title='bbox 786 2735 932 2796; x_wconf 86' lang='lat' dir='ltr'>eamdem</span> <span class='ocrx_word' id='word_1_178' title='bbox 956 2734 1123 2796; x_wconf 85' lang='lat' dir='ltr'>basilicam</span> <span class='ocrx_word' id='word_1_179' title='bbox 1139 2734 1219 2796; x_wconf 88' lang='lat' dir='ltr'>vidit</span> 
     </span>
     <span class='ocr_line' id='line_1_24' title="bbox 157 2839 1219 2920; baseline -0.005 -17"><span class='ocrx_word' id='word_1_180' title='bbox 157 2842 324 2903; x_wconf 88' lang='lat' dir='ltr'>columnas</span> <span class='ocrx_word' id='word_1_181' title='bbox 336 2840 568 2920; x_wconf 84' lang='lat' dir='ltr'>pulcherrimas</span> <span class='ocrx_word' id='word_1_182' title='bbox 576 2839 719 2919; x_wconf 88' lang='lat' dir='ltr'>lapideas</span> <span class='ocrx_word' id='word_1_183' title='bbox 735 2857 806 2918; x_wconf 84' lang='lat' dir='ltr'>quae</span> <span class='ocrx_word' id='word_1_184' title='bbox 816 2839 960 2900; x_wconf 90' lang='lat' dir='ltr'>eiusdem</span> <span class='ocrx_word' id='word_1_185' title='bbox 975 2839 1120 2900; x_wconf 79' lang='lat' dir='ltr'>ecclesiae</span> <span class='ocrx_word' id='word_1_186' title='bbox 1135 2844 1219 2899; x_wconf 91' lang='lat' dir='ltr'>tecta</span> 
     </span>
     <span class='ocr_line' id='line_1_25' title="bbox 158 2942 1220 3025; baseline -0.005 -18"><span class='ocrx_word' id='word_1_187' title='bbox 158 2945 391 3016; x_wconf 89' lang='lat' dir='ltr'>sustentabant,</span> <span class='ocrx_word' id='word_1_188' title='bbox 407 2963 478 3025; x_wconf 84' lang='lat' dir='ltr'>quae</span> <span class='ocrx_word' id='word_1_189' title='bbox 492 2945 589 3004; x_wconf 86' lang='lat' dir='ltr'>etiam</span> <span class='ocrx_word' id='word_1_190' title='bbox 603 2943 636 3003; x_wconf 94' lang='lat' dir='ltr'>in</span> <span class='ocrx_word' id='word_1_191' title='bbox 648 2945 830 3004; x_wconf 89' lang='lat' dir='ltr'>summitate</span> <span class='ocrx_word' id='word_1_192' title='bbox 852 2942 1066 3021; x_wconf 75' lang='lat' dir='ltr'>deargentatae</span> <span class='ocrx_word' id='word_1_193' title='bbox 1076 2948 1108 3003; x_wconf 91' lang='lat' dir='ltr'>et</span> <span class='ocrx_word' id='word_1_194' title='bbox 1125 2942 1220 3003; x_wconf 92' lang='lat' dir='ltr'>deau-</span> 
     </span>
     <span class='ocr_line' id='line_1_26' title="bbox 156 3047 1218 3128; baseline -0.005 -16"><span class='ocrx_word' id='word_1_195' title='bbox 156 3059 233 3112; x_wconf 70' lang='lat' dir='ltr'>ratae</span> <span class='ocrx_word' id='word_1_196' title='bbox 264 3057 365 3112; x_wconf 89' lang='lat' dir='ltr'>erant.</span> <span class='ocrx_word' id='word_1_197' title='bbox 393 3049 431 3110; x_wconf 86' lang='lat' dir='ltr'>Et</span> <span class='ocrx_word' id='word_1_198' title='bbox 451 3049 591 3110; x_wconf 87' lang='lat' dir='ltr'>avaritiae</span> <span class='ocrx_word' id='word_1_199' title='bbox 620 3049 756 3109; x_wconf 91' lang='lat' dir='ltr'>stimulis</span> <span class='ocrx_word' id='word_1_200' title='bbox 782 3055 872 3110; x_wconf 87' lang='lat' dir='ltr'>actus</span> <span class='ocrx_word' id='word_1_201' title='bbox 891 3047 1062 3128; x_wconf 92' lang='lat' dir='ltr'>quemdam</span> <span class='ocrx_word' id='word_1_202' title='bbox 1080 3065 1218 3108; x_wconf 89' lang='lat' dir='ltr'>cuneum</span> 
     </span>
     <span class='ocr_line' id='line_1_27' title="bbox 156 3153 1217 3219; baseline -0.005 0"><span class='ocrx_word' id='word_1_203' title='bbox 156 3158 297 3219; x_wconf 88' lang='lat' dir='ltr'>ferreum</span> <span class='ocrx_word' id='word_1_204' title='bbox 318 3157 402 3216; x_wconf 89' lang='lat' dir='ltr'>inter</span> <span class='ocrx_word' id='word_1_205' title='bbox 414 3155 507 3216; x_wconf 90' lang='lat' dir='ltr'>bases</span> <span class='ocrx_word' id='word_1_206' title='bbox 529 3155 696 3216; x_wconf 91' lang='lat' dir='ltr'>cuiusdam</span> <span class='ocrx_word' id='word_1_207' title='bbox 711 3154 870 3216; x_wconf 77' lang='lat' dir='ltr'>columnae</span> <span class='ocrx_word' id='word_1_208' title='bbox 886 3159 917 3214; x_wconf 93' lang='lat' dir='ltr'>et</span> <span class='ocrx_word' id='word_1_209' title='bbox 931 3153 1076 3214; x_wconf 89' lang='lat' dir='ltr'>eamdem</span> <span class='ocrx_word' id='word_1_210' title='bbox 1094 3153 1217 3214; x_wconf 92' lang='lat' dir='ltr'>colum-</span> 
     </span>
     <span class='ocr_line' id='line_1_28' title="bbox 156 3258 1219 3342; baseline -0.004 -17"><span class='ocrx_word' id='word_1_211' title='bbox 156 3283 231 3325; x_wconf 92' lang='lat' dir='ltr'>nam</span> <span class='ocrx_word' id='word_1_212' title='bbox 246 3263 359 3324; x_wconf 89' lang='lat' dir='ltr'>infixit.</span> <span class='ocrx_word' id='word_1_213' title='bbox 376 3261 454 3324; x_wconf 90' lang='lat' dir='ltr'>Cum</span> <span class='ocrx_word' id='word_1_214' title='bbox 471 3262 577 3342; x_wconf 89' lang='lat' dir='ltr'>itaque</span> <span class='ocrx_word' id='word_1_215' title='bbox 595 3279 732 3322; x_wconf 92' lang='lat' dir='ltr'>cuneum</span> <span class='ocrx_word' id='word_1_216' title='bbox 745 3259 836 3320; x_wconf 94' lang='lat' dir='ltr'>illum</span> <span class='ocrx_word' id='word_1_217' title='bbox 849 3258 964 3320; x_wconf 93' lang='lat' dir='ltr'>malleo</span> <span class='ocrx_word' id='word_1_218' title='bbox 976 3259 1082 3321; x_wconf 89' lang='lat' dir='ltr'>ferreo</span> <span class='ocrx_word' id='word_1_219' title='bbox 1093 3259 1219 3321; x_wconf 87' lang='lat' dir='ltr'>fortiter</span> 
     </span>
     <span class='ocr_line' id='line_1_29' title="bbox 157 3364 1218 3448; baseline -0.004 -18"><span class='ocrx_word' id='word_1_220' title='bbox 157 3367 282 3448; x_wconf 81' lang='lat' dir='ltr'>magnis</span> <span class='ocrx_word' id='word_1_221' title='bbox 296 3369 413 3429; x_wconf 87' lang='lat' dir='ltr'>ictibus</span> <span class='ocrx_word' id='word_1_222' title='bbox 439 3366 560 3439; x_wconf 85' lang='lat' dir='ltr'>feriret,</span> <span class='ocrx_word' id='word_1_223' title='bbox 587 3372 751 3445; x_wconf 89' lang='lat' dir='ltr'>totamque</span> <span class='ocrx_word' id='word_1_224' title='bbox 767 3364 932 3426; x_wconf 90' lang='lat' dir='ltr'>basilicam</span> <span class='ocrx_word' id='word_1_225' title='bbox 959 3364 1124 3427; x_wconf 88' lang='lat' dir='ltr'>destruere</span> <span class='ocrx_word' id='word_1_226' title='bbox 1147 3371 1218 3426; x_wconf 93' lang='lat' dir='ltr'>ten-</span> 
     </span>
     <span class='ocr_line' id='line_1_30' title="bbox 157 3470 1219 3552; baseline -0.004 -17"><span class='ocrx_word' id='word_1_227' title='bbox 157 3481 249 3546; x_wconf 90' lang='lat' dir='ltr'>taret,</span> <span class='ocrx_word' id='word_1_228' title='bbox 268 3473 377 3535; x_wconf 93' lang='lat' dir='ltr'>divino</span> <span class='ocrx_word' id='word_1_229' title='bbox 400 3477 553 3552; x_wconf 84' lang='lat' dir='ltr'>operante</span> <span class='ocrx_word' id='word_1_230' title='bbox 568 3470 700 3544; x_wconf 91' lang='lat' dir='ltr'>iudicio,</span> <span class='ocrx_word' id='word_1_231' title='bbox 724 3470 811 3530; x_wconf 91' lang='lat' dir='ltr'>idem</span> <span class='ocrx_word' id='word_1_232' title='bbox 827 3470 972 3531; x_wconf 87' lang='lat' dir='ltr'>homo-in</span> <span class='ocrx_word' id='word_1_233' title='bbox 994 3470 1134 3551; x_wconf 90' lang='lat' dir='ltr'>lapidem</span> <span class='ocrx_word' id='word_1_234' title='bbox 1147 3489 1219 3532; x_wconf 92' lang='lat' dir='ltr'>ver-</span> 
     </span>
     <span class='ocr_line' id='line_1_31' title="bbox 157 3573 1218 3659; baseline -0.002 -21"><span class='ocrx_word' id='word_1_235' title='bbox 157 3581 244 3653; x_wconf 87' lang='lat' dir='ltr'>titur,</span> <span class='ocrx_word' id='word_1_236' title='bbox 275 3579 330 3659; x_wconf 91' lang='lat' dir='ltr'>qui</span> <span class='ocrx_word' id='word_1_237' title='bbox 358 3577 453 3638; x_wconf 91' lang='lat' dir='ltr'>etiam</span> <span class='ocrx_word' id='word_1_238' title='bbox 477 3575 558 3657; x_wconf 90' lang='lat' dir='ltr'>lapis</span> <span class='ocrx_word' id='word_1_239' title='bbox 586 3592 687 3654; x_wconf 89' lang='lat' dir='ltr'>usque</span> <span class='ocrx_word' id='word_1_240' title='bbox 712 3573 809 3635; x_wconf 88' lang='lat' dir='ltr'>hodie</span> <span class='ocrx_word' id='word_1_241' title='bbox 833 3574 865 3634; x_wconf 92' lang='lat' dir='ltr'>in</span> <span class='ocrx_word' id='word_1_242' title='bbox 888 3574 993 3654; x_wconf 85' lang='lat' dir='ltr'>effigie</span> <span class='ocrx_word' id='word_1_243' title='bbox 1019 3575 1160 3636; x_wconf 90' lang='lat' dir='ltr'>hominis</span> <span class='ocrx_word' id='word_1_244' title='bbox 1185 3575 1218 3636; x_wconf 95' lang='lat' dir='ltr'>in</span> 
     </span>
     <span class='ocr_line' id='line_1_32' title="bbox 157 3679 1218 3762; baseline -0.007 -15"><span class='ocrx_word' id='word_1_245' title='bbox 157 3685 271 3748; x_wconf 89' lang='lat' dir='ltr'>eadem</span> <span class='ocrx_word' id='word_1_246' title='bbox 293 3684 426 3745; x_wconf 91' lang='lat' dir='ltr'>basilica</span> <span class='ocrx_word' id='word_1_247' title='bbox 448 3681 608 3762; x_wconf 86' lang='lat' dir='ltr'>persistit,</span> <span class='ocrx_word' id='word_1_248' title='bbox 640 3679 764 3741; x_wconf 90' lang='lat' dir='ltr'>habens</span> <span class='ocrx_word' id='word_1_249' title='bbox 797 3680 894 3741; x_wconf 88' lang='lat' dir='ltr'>talem</span> <span class='ocrx_word' id='word_1_250' title='bbox 926 3680 1069 3741; x_wconf 88' lang='lat' dir='ltr'>colorem</span> <span class='ocrx_word' id='word_1_251' title='bbox 1092 3681 1218 3760; x_wconf 90' lang='lat' dir='ltr'>qualem</span> 
     </span>
     <span class='ocr_line' id='line_1_33' title="bbox 157 3785 1220 3864; baseline -0.008 -11"><span class='ocrx_word' id='word_1_252' title='bbox 157 3791 304 3853; x_wconf 91' lang='lat' dir='ltr'>eiusdem</span> <span class='ocrx_word' id='word_1_253' title='bbox 319 3788 486 3850; x_wconf 87' lang='lat' dir='ltr'>Sarraceni</span> <span class='ocrx_word' id='word_1_254' title='bbox 502 3787 612 3848; x_wconf 91' lang='lat' dir='ltr'>tunica</span> <span class='ocrx_word' id='word_1_255' title='bbox 626 3791 703 3847; x_wconf 91' lang='lat' dir='ltr'>tnnc</span> <span class='ocrx_word' id='word_1_256' title='bbox 719 3785 866 3846; x_wconf 90' lang='lat' dir='ltr'>habebat.</span> <span class='ocrx_word' id='word_1_257' title='bbox 887 3785 997 3846; x_wconf 92' lang='lat' dir='ltr'>Solent</span> <span class='ocrx_word' id='word_1_258' title='bbox 1012 3786 1108 3846; x_wconf 89' lang='lat' dir='ltr'>etiam</span> <span class='ocrx_word' id='word_1_259' title='bbox 1127 3803 1220 3864; x_wconf 89' lang='lat' dir='ltr'>pere-</span> 
     </span>
     <span class='ocr_line' id='line_1_34' title="bbox 157 3889 1218 3978; baseline -0.007 -21"><span class='ocrx_word' id='word_1_260' title='bbox 157 3897 241 3978; x_wconf 87' lang='lat' dir='ltr'>grini</span> <span class='ocrx_word' id='word_1_261' title='bbox 256 3913 385 3957; x_wconf 90' lang='lat' dir='ltr'>narrare</span> <span class='ocrx_word' id='word_1_262' title='bbox 401 3894 455 3975; x_wconf 89' lang='lat' dir='ltr'>qni</span> <span class='ocrx_word' id='word_1_263' title='bbox 468 3893 534 3953; x_wconf 92' lang='lat' dir='ltr'>illic</span> <span class='ocrx_word' id='word_1_264' title='bbox 546 3911 641 3953; x_wconf 88' lang='lat' dir='ltr'>causa</span> <span class='ocrx_word' id='word_1_265' title='bbox 659 3909 791 3971; x_wconf 89' lang='lat' dir='ltr'>precum</span> <span class='ocrx_word' id='word_1_266' title='bbox 809 3889 956 3964; x_wconf 90' lang='lat' dir='ltr'>tendunt,</span> <span class='ocrx_word' id='word_1_267' title='bbox 970 3889 1057 3970; x_wconf 91' lang='lat' dir='ltr'>quod</span> <span class='ocrx_word' id='word_1_268' title='bbox 1070 3889 1151 3968; x_wconf 91' lang='lat' dir='ltr'>lapis</span> <span class='ocrx_word' id='word_1_269' title='bbox 1166 3889 1218 3950; x_wconf 91' lang='lat' dir='ltr'>ille</span> 
     </span>
     <span class='ocr_line' id='line_1_35' title="bbox 156 3992 1218 4068; baseline -0.008 -6"><span class='ocrx_word' id='word_1_270' title='bbox 156 4001 294 4063; x_wconf 90' lang='lat' dir='ltr'>fetorem</span> <span class='ocrx_word' id='word_1_271' title='bbox 317 3999 443 4061; x_wconf 87' lang='lat' dir='ltr'>emittit.</span> <span class='ocrx_word' id='word_1_272' title='bbox 470 3996 562 4068; x_wconf 82' lang='lat' dir='ltr'>Quod</span> <span class='ocrx_word' id='word_1_273' title='bbox 587 4002 620 4056; x_wconf 88' lang='lat' dir='ltr'>nt</span> <span class='ocrx_word' id='word_1_274' title='bbox 645 3994 823 4056; x_wconf 79' lang='lat' dir='ltr'>Altumaior</span> <span class='ocrx_word' id='word_1_275' title='bbox 846 3993 937 4066; x_wconf 91' lang='lat' dir='ltr'>vidit,</span> <span class='ocrx_word' id='word_1_276' title='bbox 967 3994 1009 4053; x_wconf 90' lang='lat' dir='ltr'>ait</span> <span class='ocrx_word' id='word_1_277' title='bbox 1031 3992 1218 4054; x_wconf 91' lang='lat' dir='ltr'>domesticis</span> 
     </span>
     <span class='ocr_line' id='line_1_36' title="bbox 157 4097 1216 4186; baseline -0.008 -18"><span class='ocrx_word' id='word_1_278' title='bbox 157 4109 234 4170; x_wconf 91' lang='lat' dir='ltr'>suis:</span> <span class='ocrx_word' id='word_1_279' title='bbox 247 4107 376 4186; x_wconf 84' lang='lat' dir='ltr'>Magnus</span> <span class='ocrx_word' id='word_1_280' title='bbox 387 4110 434 4166; x_wconf 91' lang='lat' dir='ltr'>est</span> <span class='ocrx_word' id='word_1_281' title='bbox 444 4109 475 4164; x_wconf 91' lang='lat' dir='ltr'>et</span> <span class='ocrx_word' id='word_1_282' title='bbox 483 4101 712 4182; x_wconf 80' lang='lat' dir='ltr'>glorificandus</span> <span class='ocrx_word' id='word_1_283' title='bbox 726 4120 760 4162; x_wconf 95' lang='lat' dir='ltr'>re</span> <span class='ocrx_word' id='word_1_284' title='bbox 771 4118 846 4162; x_wconf 88' lang='lat' dir='ltr'>vera</span> <span class='ocrx_word' id='word_1_285' title='bbox 856 4098 940 4159; x_wconf 87' lang='lat' dir='ltr'>Deus</span> <span class='ocrx_word' id='word_1_286' title='bbox 950 4097 1216 4172; x_wconf 88' lang='lat' dir='ltr'>Christianorum,</span> 
     </span>
    </p>
   </div>
   <div class='ocr_carea' id='block_1_3' title="bbox 0 0 1527 4942">
    <p class='ocr_par' dir='ltr' id='par_1_3' title="bbox 0 0 1527 4942">
     <span class='ocr_line' id='line_1_37' title="bbox 0 0 1527 4942; baseline 0 0"><span class='ocrx_word' id='word_1_287' title='bbox 0 0 1527 4942; x_wconf 95' lang='lat' dir='ltr'> </span> 
     </span>
    </p>
   </div>
  </div>
 </body>
</html>
