3042 4942
728 433 922 504 -68-

293 581 447 643 instinctu
469 581 608 643 surrexit
632 581 762 661 quidam
779 601 967 644 sarracenus
988 583 1166 645 Altumaior
1180 583 1354 660 Cordubae,

294 686 406 748 dicens
421 685 508 765 quod
523 691 640 746 terram
652 685 849 764 galecianam
859 686 1098 767 ethispanicam
1110 707 1206 768 quam
1220 689 1357 753 Karolus

295 791 334 854 ab
349 789 608 852 antecessoribus
624 791 689 852 suis
706 791 783 852 olim
798 791 983 866 abstulerat,
1005 793 1073 872 ipse
1094 793 1155 854 sibi
1174 795 1357 875 acquireret

293 895 483 977 legibusque
508 896 716 957 sarracenicis
741 897 935 976 subiugaret.
959 897 1057 972 Tunc,
1076 899 1266 961 coadunatis
1291 901 1354 962 sibi

293 1000 500 1075 exercitibus,
521 1001 637 1062 multas
654 1007 755 1062 terras
779 1003 842 1063 huc
864 1002 1004 1082 illucque
1021 1003 1232 1078 devastando,
1251 1025 1353 1087 usque

293 1107 333 1169 ad
348 1106 432 1168 beati
458 1105 564 1168 iacobi
585 1106 698 1169 urbem
712 1108 869 1188 pervenIt,
889 1113 920 1168 et
944 1109 1098 1188 quicquid
1112 1111 1144 1170 in
1165 1129 1202 1171 ea
1218 1111 1350 1185 Invenit,

293 1218 393 1272 totum
425 1211 566 1291 diripuit.
601 1210 754 1273 Similiter
780 1211 946 1273 basilicam
976 1215 1186 1292 apostolicam
1220 1216 1351 1296 Indigna

293 1323 391 1380 totam
407 1316 595 1390 devastavit,
622 1317 752 1378 codices
767 1324 798 1378 et
819 1336 947 1378 mensas
964 1325 1130 1396 argenteas
1145 1327 1177 1381 et
1196 1321 1349 1383 tintinna-

293 1421 368 1482 bula
384 1427 415 1480 et
431 1427 536 1481 cetera
553 1425 741 1480 ornamenta
756 1420 794 1480 ab
809 1439 844 1481 ea
859 1420 998 1481 abstulit.
1016 1420 1158 1502 Cumque
1172 1423 1205 1484 in
1223 1442 1261 1484 ea
1279 1423 1349 1485 Sar-

293 1529 400 1591 raceni
424 1529 485 1608 ipsi
506 1545 579 1589 cum
595 1528 686 1607 equis
701 1529 767 1588 suis
781 1527 933 1607 hospitati
951 1535 1068 1603 essent,
1091 1549 1170 1609 gens
1188 1531 1288 1611 impia
1302 1532 1348 1593 di-

292 1633 454 1714 gestiones
468 1632 564 1692 etlam
580 1649 676 1711 super
693 1631 790 1692 altare
811 1632 1024 1711 apostolicum
1040 1651 1132 1713 agere
1148 1653 1214 1698 non
1233 1636 1348 1696 timuit.

292 1738 492 1820 Quapropter
507 1738 557 1798 alii
575 1757 613 1798 ex
627 1738 690 1798 illis
703 1737 812 1798 divina
825 1737 947 1799 ultione
963 1739 1050 1800 lluxu
1065 1739 1294 1803 intestinorum
1306 1742 1350 1802 in-

292 1844 441 1919 teribant,
453 1844 505 1905 alii
520 1863 595 1905 vero
608 1844 776 1905 oculorum
790 1844 923 1919 lumina,
938 1863 995 1924 per
1009 1845 1174 1906 basilicam
1191 1851 1223 1907 et
1237 1847 1348 1908 urbem

292 2115 387 2168 nempe
407 2103 558 2166 dysenteria
578 2102 741 2153 laboravisse
761 2116 877 2168 eumque
897 2104 1051 2169 sepulcrum
1072 2105 1162 2155 Sancti
1181 2103 1275 2154 iacobi
1298 2115 1348 2152 nou

293 2196 442 2247 violavisse.
459 2195 606 2246 Verisimile
621 2198 662 2246 est
677 2196 792 2261 aliquem
807 2199 978 2261 pereprz'num
994 2197 1083 2248 hocin
1099 2197 1209 2247 GaIIetia
1223 2195 1347 2254 audiisse,

291 2290 448 2353 auctorique
465 2291 565 2348 nostro,
581 2288 779 2352 queIIscunque
794 2285 886 2350 luerit,
900 2289 1023 2339 retulisse
1040 2305 1046 2338 :
1061 2287 1111 2340 boc
1127 2288 1171 2338 ille
1190 2287 1347 2352 pulchrum,

291 2386 320 2434 ut
337 2384 360 2434 ei
378 2381 527 2442 videbatur,
548 2381 707 2431 miraculum
722 2383 840 2445 Turpino
860 2395 908 2431 suo
928 2381 1044 2442 addidIt,
1064 2381 1135 2446 quod
1155 2382 1181 2431 et
1201 2379 1245 2429 alii
1266 2379 1300 2430 ab
1318 2393 1348 2430 eo

290 2477 507 2542 desumpserunt.
525 2492 538 2524 u
556 2477 590 2524 G.
608 2475 695 2534 ParIS,
711 2474 743 2524 de
757 2475 1010 2539 Pseudo-Turpino,
1025 2489 1052 2539 p.
1068 2478 1109 2524 37.
1125 2473 1162 2524 CI.
1179 2473 1287 2538 Espafia
1300 2474 1346 2524 Sa-

291 2569 374 2638 grada
388 2571 497 2631 XXXIV,
511 2583 537 2634 p.
555 2571 685 2628 eeu-ala,
700 2569 839 2629 XXXVIII,
854 2582 881 2632 p.
897 2572 938 2618 Ia.
955 2570 1004 2618 Les
1018 2569 1155 2618 invasione
1168 2567 1346 2626 d'AImanzor,

289 2665 315 2716 Ia
330 2665 399 2729 prise
413 2665 438 2714 et
449 2664 475 2714 Ia
484 2664 561 2713 ruine
575 2662 607 2713 de
618 2659 702 2724 Leon,
717 2662 743 2711 Ia
753 2663 825 2726 prise
837 2661 870 2712 de
881 2663 1018 2727 Santiego‚
1033 2662 1072 2712 les
1086 2659 1198 2712 de'IaiIes
1211 2662 1258 2711 des
1271 2656 1347 2712 cbre'-

290 2757 359 2806 tiens
378 2758 404 2807 et
419 2755 477 2806 leur
494 2756 603 2806 victoira
618 2752 634 2805 la
647 2754 822 2805 Calatafrazor
841 2751 986 2805 formarent
1000 2756 1098 2804 autour
1112 2754 1149 2804 du
1165 2767 1226 2803 nom
1241 2753 1278 2803 du
1290 2751 1350 2803 chei

291 2862 384 2900 maure
398 2850 473 2900 toute
486 2861 538 2899 une
557 2844 685 2913 legende,
700 2850 727 2898 et
738 2845 764 2898 Ia
777 2850 817 2898 est
831 2847 952 2912 I'origine
967 2848 1003 2898 du
1017 2847 1072 2898 rdle
1087 2849 1133 2912 qui
1147 2849 1188 2898 est
1202 2843 1319 2896 attribue
1332 2843 1347 2895 a

289 2942 457 3007 I'AltumaJ'or
479 2943 547 2994 dans
568 2942 606 2992 les
625 2941 759 3007 chapitres
777 2945 824 3002 IX,
840 2943 928 2992 XVIH.
955 2945 991 2992 Le
1010 2939 1180 3006 supplement
1207 2942 1253 3005 qui
1273 2940 1347 3005 place

290 3049 355 3088 avec
374 3037 464 3087 raison
479 3035 518 3086 les
536 3036 673 3086 invasione
687 3035 857 3085 d’AImanzor
871 3031 949 3099 apres
964 3034 988 3084 Ie
1002 3031 1085 3099 regne
1098 3034 1130 3084 de
1145 3033 1346 3098 Chariemagne,

290 3130 423 3182 contredit
437 3129 461 3180 Ie
476 3143 593 3194 passage
608 3130 644 3179 du
659 3142 682 3180 c.
700 3131 792 3189 XVIII,
808 3126 842 3178 od
861 3128 885 3178 Ie
899 3129 1016 3178 sarrasin
1031 3129 1129 3178 vaincu
1143 3128 1226 3191 recoit
1240 3126 1264 3176 Ie
1279 3125 1346 3189 bap-

289 3220 359 3276 teme
379 3228 406 3275 et
425 3225 532 3275 devient
548 3224 635 3275 vassaI
653 3224 686 3275 de
704 3223 863 3288 l'empereur
880 3218 1014 3284 chretiem
1037 3223 1069 3273 de
1089 3221 1115 3274 Ia
1136 3222 1293 3274 I'embarras
1315 3221 1347 3271 de

291 3316 406 3367 I'auteur
420 3316 452 3367 de
465 3315 492 3366 Ia
505 3317 578 3364 Prr'ee
591 3316 622 3365 de
634 3317 799 3380 Pompeiane,
814 3317 870 3380 qui,
886 3318 984 3380 voyant
994 3315 1062 3366 dans
1074 3316 1100 3366 Ia
1114 3315 1262 3380 chronique
1273 3318 1300 3365 et
1310 3315 1348 3365 Ies

289 3405 476 3474 supplements
493 3409 540 3459 des
556 3408 714 3460 documents
732 3408 936 3473 authentiques,
953 3410 979 3458 et
994 3411 1075 3472 ayant
1088 3405 1137 3458 tire
1150 3408 1183 3458 de
1197 3407 1222 3458 Ia
1235 3421 1346 3458 conver·

290 3503 349 3553 sion
364 3501 541 3567 d'AItumajor
554 3515 590 3552 un
608 3502 656 3553 des
669 3500 792 3567 episodes
804 3502 843 3552 les
858 3502 918 3566 plus
935 3499 1112 3552 interessents
1127 3501 1221 3552 deson
1237 3499 1345 3566 poema.

290 3607 323 3644 ne
343 3595 393 3644 seit
415 3596 550 3645 comment
565 3594 705 3659 eprIquer
723 3594 805 3660 qu'un
828 3593 863 3644 tel
879 3593 1014 3644 chevalier
1035 3596 1072 3644 ait
1092 3608 1129 3659 pu
1152 3594 1290 3645 rederenir
1311 3609 1346 3644 un

290 3689 396 3739 ennemi
416 3687 448 3738 de
468 3687 493 3738 Ia
514 3688 548 3739 Ioi
564 3685 728 3739 obretienne.
749 3689 779 3738 V.
795 3701 838 3738 ma
853 3683 972 3752 preface,
996 3702 1024 3752 p.
1039 3703 1078 3748 n,
1098 3690 1170 3738 note.
1197 3690 1293 3738 Disons
1314 3700 1347 3736 en

288 3783 403 3847 pussant
423 3795 475 3846 que
495 3781 531 3832 du
552 3794 722 3846 personnage
737 3780 914 3844 d'AItumajor
933 3777 1023 3830 derivc
1042 3781 1110 3831 celui
1131 3781 1162 3830 de
1177 3781 1293 3845 (Iarpent
1313 3794 1348 3831 ou

290 3878 446 3942 Serpentin,
462 3877 508 3942 qui
521 3890 581 3926 sera
594 3872 741 3927 desormais
755 3871 883 3926 conserve
898 3875 966 3925 dans
977 3877 1051 3925 toute
1062 3875 1087 3926 Ia
1099 3877 1169 3925 suite
1181 3875 1214 3925 de
1229 3871 1348 3940 l'dpopae

290 3966 509 4032 chevaleresque,
520 3980 624 4018 comme
634 3963 730 4017 Vsores
742 3965 846 4016 devenu
860 3965 960 4015 IsoIier.
973 3967 1063 4025 Quant
1075 3979 1109 4016 au
1120 3968 1176 4016 mot
1185 3965 1347 4030 Altumujor,

291 4061 308 4111 il
324 4060 425 4112 semble
440 4075 493 4112 une
511 4061 595 4112 Iorme
610 4059 721 4124 hybride
738 4053 787 4108 nee
806 4058 838 4108 de
853 4058 879 4108 Ia
897 4058 1039 4110 confusion
1054 4058 1228 4110 d'AumocIaor
1242 4072 1278 4109 ou
1293 4059 1347 4108 Au·

291 4153 415 4202 macerer
431 4154 531 4217 (Vivian
545 4147 745 4217 l'numachour)
760 4154 787 4200 et
799 4148 977 4200 d'nvmanzor.
993 4151 1023 4200 V.
1037 4152 1066 4200 G.
1082 4151 1166 4212 Paris,
1182 4149 1199 4199 I.
1212 4149 1230 4199 1.
1244 4163 1271 4214 p.
1287 4153 1330 4200 25.
