<?xml version="1.0" encoding="UTF-8"?>
<!DOCTYPE html PUBLIC "-//W3C//DTD XHTML 1.0 Transitional//EN"
    "http://www.w3.org/TR/xhtml1/DTD/xhtml1-transitional.dtd">
<html xmlns="http://www.w3.org/1999/xhtml" xml:lang="en" lang="en">
 <head>
  <title>
</title>
<meta http-equiv="Content-Type" content="text/html;charset=utf-8" />
  <meta name='ocr-system' content='tesseract 3.04.00' />
  <meta name='ocr-capabilities' content='ocr_page ocr_carea ocr_par ocr_line ocrx_word'/>
</head>
<body>
  <div class='ocr_page' id='page_1' title='image "./turpinihistoria00castgoog_0038.png"; bbox 0 0 3042 4942; ppageno 0'>
   <div class='ocr_carea' id='block_1_1' title="bbox 575 425 769 494">
    <p class='ocr_par' dir='ltr' id='par_1_1' title="bbox 575 425 769 494">
     <span class='ocr_line' id='line_1_1' title="bbox 575 425 769 494; baseline -0.005 -18"><span class='ocrx_word' id='word_1_1' title='bbox 575 425 769 494; x_wconf 70' lang='lat'>..19-</span> 
     </span>
    </p>
   </div>
   <div class='ocr_carea' id='block_1_2' title="bbox 133 567 1269 1075">
    <p class='ocr_par' dir='ltr' id='par_1_2' title="bbox 133 567 1269 1075">
     <span class='ocr_line' id='line_1_2' title="bbox 176 567 1200 652; baseline -0.003 -19"><span class='ocrx_word' id='word_1_2' title='bbox 176 573 231 634; x_wconf 93' lang='lat' dir='ltr'><strong>lsti</strong></span> <span class='ocrx_word' id='word_1_3' title='bbox 248 570 371 652; x_wconf 87' lang='lat' dir='ltr'><strong>praefati</strong></span> <span class='ocrx_word' id='word_1_4' title='bbox 388 575 463 631; x_wconf 91' lang='lat' dir='ltr'><strong>sunt</strong></span> <span class='ocrx_word' id='word_1_5' title='bbox 476 570 536 630; x_wconf 89' lang='lat' dir='ltr'><strong>viri</strong></span> <span class='ocrx_word' id='word_1_6' title='bbox 546 569 672 643; x_wconf 84' lang='lat' dir='ltr'><strong>famosi,</strong></span> <span class='ocrx_word' id='word_1_7' title='bbox 685 569 812 643; x_wconf 87' lang='lat' dir='ltr'><strong>heroes,</strong></span> <span class='ocrx_word' id='word_1_8' title='bbox 827 567 1000 630; x_wconf 77' lang='lat' dir='ltr'>bellatores</span> <span class='ocrx_word' id='word_1_9' title='bbox 1013 568 1200 648; x_wconf 87' lang='lat' dir='ltr'><strong>potentibus</strong></span> 
     </span>
     <span class='ocr_line' id='line_1_3' title="bbox 133 671 1202 758; baseline -0.003 -17"><span class='ocrx_word' id='word_1_10' title='bbox 133 679 239 741; x_wconf 89' lang='lat' dir='ltr'><strong>cosmi</strong></span> <span class='ocrx_word' id='word_1_11' title='bbox 255 677 466 758; x_wconf 68' lang='lat' dir='ltr'><strong>potentiores</strong></span> <span class='ocrx_word' id='word_1_12' title='bbox 478 675 615 738; x_wconf 84' lang='lat' dir='ltr'><strong>fortibus</strong></span> <span class='ocrx_word' id='word_1_13' title='bbox 630 675 792 750; x_wconf 82' lang='lat' dir='ltr'><strong>fortiores,</strong></span> <span class='ocrx_word' id='word_1_14' title='bbox 805 671 920 736; x_wconf 87' lang='lat' dir='ltr'><strong>Christi</strong></span> <span class='ocrx_word' id='word_1_15' title='bbox 933 694 1085 754; x_wconf 82' lang='lat' dir='ltr'><strong>proceres</strong></span> <span class='ocrx_word' id='word_1_16' title='bbox 1101 676 1202 738; x_wconf 87' lang='lat' dir='ltr'><strong>chris-</strong></span> 
     </span>
     <span class='ocr_line' id='line_1_4' title="bbox 133 781 1269 863; baseline -0.002 -17"><span class='ocrx_word' id='word_1_17' title='bbox 133 787 258 848; x_wconf 92' lang='lat' dir='ltr'><strong>tianam</strong></span> <span class='ocrx_word' id='word_1_18' title='bbox 274 784 371 846; x_wconf 89' lang='lat' dir='ltr'><strong>fidem</strong></span> <span class='ocrx_word' id='word_1_19' title='bbox 386 785 419 844; x_wconf 94' lang='lat' dir='ltr'><strong>in</strong></span> <span class='ocrx_word' id='word_1_20' title='bbox 434 782 557 845; x_wconf 90' lang='lat' dir='ltr'><strong>mundo</strong></span> <span class='ocrx_word' id='word_1_21' title='bbox 570 781 788 863; x_wconf 86' lang='lat' dir='ltr'><strong>propalantes.</strong></span> <span class='ocrx_word' id='word_1_22' title='bbox 806 781 846 843; x_wconf 94' lang='lat' dir='ltr'><strong>Ut</strong></span> <span class='ocrx_word' id='word_1_23' title='bbox 860 783 946 844; x_wconf 91' lang='lat' dir='ltr'><strong>enim</strong></span> <span class='ocrx_word' id='word_1_24' title='bbox 963 783 1113 844; x_wconf 90' lang='lat' dir='ltr'><strong>dominus</strong></span> <span class='ocrx_word' id='word_1_25' title='bbox 1130 803 1202 844; x_wconf 91' lang='lat' dir='ltr'><strong>nos·</strong></span> <span class='ocrx_word' id='word_1_26' title='bbox 1263 815 1269 826; x_wconf 94' lang='lat'><strong>·</strong></span> 
     </span>
     <span class='ocr_line' id='line_1_5' title="bbox 134 886 1201 966; baseline -0.003 -15"><span class='ocrx_word' id='word_1_27' title='bbox 134 898 187 952; x_wconf 91' lang='lat' dir='ltr'><strong>ter</strong></span> <span class='ocrx_word' id='word_1_28' title='bbox 203 889 293 951; x_wconf 89' lang='lat' dir='ltr'><strong>lesus</strong></span> <span class='ocrx_word' id='word_1_29' title='bbox 308 888 452 950; x_wconf 88' lang='lat' dir='ltr'><strong>Christus</strong></span> <span class='ocrx_word' id='word_1_30' title='bbox 471 905 621 948; x_wconf 93' lang='lat' dir='ltr'><strong>unacum</strong></span> <span class='ocrx_word' id='word_1_31' title='bbox 643 886 816 949; x_wconf 84' lang='lat' dir='ltr'><strong>duodecim</strong></span> <span class='ocrx_word' id='word_1_32' title='bbox 838 887 992 966; x_wconf 88' lang='lat' dir='ltr'><strong>apostolis</strong></span> <span class='ocrx_word' id='word_1_33' title='bbox 1008 887 1074 947; x_wconf 91' lang='lat' dir='ltr'><strong>suis</strong></span> <span class='ocrx_word' id='word_1_34' title='bbox 1089 892 1121 947; x_wconf 92' lang='lat' dir='ltr'><strong>et</strong></span> <span class='ocrx_word' id='word_1_35' title='bbox 1136 886 1201 948; x_wconf 92' lang='lat' dir='ltr'><strong>dis-</strong></span> 
     </span>
     <span class='ocr_line' id='line_1_6' title="bbox 135 989 1210 1075; baseline -0.006 -19"><span class='ocrx_word' id='word_1_36' title='bbox 135 993 256 1075; x_wconf 90' lang='lat' dir='ltr'><strong>cipulis</strong></span> <span class='ocrx_word' id='word_1_37' title='bbox 278 992 436 1054; x_wconf 93' lang='lat' dir='ltr'><strong>mundum</strong></span> <span class='ocrx_word' id='word_1_38' title='bbox 462 990 649 1071; x_wconf 87' lang='lat' dir='ltr'><strong>acquisivit,</strong></span> <span class='ocrx_word' id='word_1_39' title='bbox 675 989 721 1051; x_wconf 93' lang='lat' dir='ltr'><strong>sic</strong></span> <span class='ocrx_word' id='word_1_40' title='bbox 746 989 879 1052; x_wconf 89' lang='lat' dir='ltr'><strong>Karolus</strong></span> <span class='ocrx_word' id='word_1_41' title='bbox 905 1009 960 1052; x_wconf 85' lang='lat' dir='ltr'><strong>rer</strong></span> <span class='ocrx_word' id='word_1_42' title='bbox 984 990 1147 1052; x_wconf 82' lang='lat' dir='ltr'><strong>Gallorum</strong></span> <span class='ocrx_word' id='word_1_43' title='bbox 1172 997 1210 1062; x_wconf 90' lang='lat' dir='ltr'><strong>et</strong></span> 
     </span>
    </p>
   </div>
   <div class='ocr_carea' id='block_1_3' title="bbox 135 1094 1301 1178">
    <p class='ocr_par' dir='ltr' id='par_1_3' title="bbox 135 1094 1301 1178">
     <span class='ocr_line' id='line_1_7' title="bbox 135 1094 1301 1178; baseline -0.004 -18"><span class='ocrx_word' id='word_1_44' title='bbox 135 1100 315 1178; x_wconf 91' lang='lat' dir='ltr'><strong>imperator</strong></span> <span class='ocrx_word' id='word_1_45' title='bbox 339 1096 558 1159; x_wconf 86' lang='lat' dir='ltr'><strong>Romanorum</strong></span> <span class='ocrx_word' id='word_1_46' title='bbox 581 1113 654 1156; x_wconf 93' lang='lat' dir='ltr'><strong>cum</strong></span> <span class='ocrx_word' id='word_1_47' title='bbox 685 1095 735 1155; x_wconf 91' lang='lat' dir='ltr'><strong>his</strong></span> <span class='ocrx_word' id='word_1_48' title='bbox 757 1094 991 1174; x_wconf 85' lang='lat' dir='ltr'><strong>pugnatoribus</strong></span> <span class='ocrx_word' id='word_1_49' title='bbox 1017 1095 1202 1175; x_wconf 87' lang='lat' dir='ltr'><strong>Hispaniam</strong></span> <span class='ocrx_word' id='word_1_50' title='bbox 1298 1107 1301 1116; x_wconf 68' lang='lat'><strong>⁴</strong></span> 
     </span>
    </p>
   </div>
   <div class='ocr_carea' id='block_1_4' title="bbox 50 1200 1205 1600">
    <p class='ocr_par' dir='ltr' id='par_1_4' title="bbox 136 1200 720 1286">
     <span class='ocr_line' id='line_1_8' title="bbox 136 1200 720 1286; baseline -0.014 -18"><span class='ocrx_word' id='word_1_51' title='bbox 136 1203 311 1286; x_wconf 90' lang='lat' dir='ltr'><strong>acquisivit</strong></span> <span class='ocrx_word' id='word_1_52' title='bbox 325 1203 366 1264; x_wconf 93' lang='lat' dir='ltr'><strong>ad</strong></span> <span class='ocrx_word' id='word_1_53' title='bbox 382 1203 480 1264; x_wconf 90' lang='lat' dir='ltr'><strong>decus</strong></span> <span class='ocrx_word' id='word_1_54' title='bbox 496 1201 638 1262; x_wconf 91' lang='lat' dir='ltr'><strong>nominis</strong></span> <span class='ocrx_word' id='word_1_55' title='bbox 652 1200 720 1262; x_wconf 87' lang='lat' dir='ltr'><strong>Dei.</strong></span> 
     </span>
    </p>

    <p class='ocr_par' dir='ltr' id='par_1_5' title="bbox 50 1304 1205 1600">
     <span class='ocr_line' id='line_1_9' title="bbox 80 1304 1200 1397; baseline 0.001 -29"><span class='ocrx_word' id='word_1_56' title='bbox 80 1391 82 1397; x_wconf 20' lang='grc' dir='ltr'>Ι</span> <span class='ocrx_word' id='word_1_57' title='bbox 179 1309 271 1370; x_wconf 87' lang='lat' dir='ltr'><strong>Tunc</strong></span> <span class='ocrx_word' id='word_1_58' title='bbox 284 1307 389 1369; x_wconf 92' lang='lat' dir='ltr'><strong>omnis</strong></span> <span class='ocrx_word' id='word_1_59' title='bbox 404 1307 564 1368; x_wconf 88' lang='lat' dir='ltr'><strong>exercitus</strong></span> <span class='ocrx_word' id='word_1_60' title='bbox 582 1306 616 1366; x_wconf 92' lang='lat' dir='ltr'><strong>in</strong></span> <span class='ocrx_word' id='word_1_61' title='bbox 632 1304 749 1368; x_wconf 87' lang='lat' dir='ltr'><strong>Landis</strong></span> <span class='ocrx_word' id='word_1_62' title='bbox 768 1304 1058 1384; x_wconf 83' lang='lat' dir='ltr'><strong>burdegalensibus</strong></span> <span class='ocrx_word' id='word_1_63' title='bbox 1081 1306 1200 1369; x_wconf 90' lang='lat' dir='ltr'><strong>coadu-</strong></span> 
     </span>
     <span class='ocr_line' id='line_1_10' title="bbox 50 1414 1203 1496; baseline -0.003 -16"><span class='ocrx_word' id='word_1_64' title='bbox 50 1445 52 1449; x_wconf 88' lang='lat'><em>·</em></span> <span class='ocrx_word' id='word_1_65' title='bbox 137 1423 249 1480; x_wconf 92' lang='lat' dir='ltr'><strong>natur.</strong></span> <span class='ocrx_word' id='word_1_66' title='bbox 275 1415 486 1496; x_wconf 87' lang='lat' dir='ltr'><strong>Coeperiebat</strong></span> <span class='ocrx_word' id='word_1_67' title='bbox 512 1415 599 1475; x_wconf 92' lang='lat' dir='ltr'><strong>enim</strong></span> <span class='ocrx_word' id='word_1_68' title='bbox 623 1419 722 1476; x_wconf 87' lang='lat' dir='ltr'><strong>totam</strong></span> <span class='ocrx_word' id='word_1_69' title='bbox 747 1419 865 1474; x_wconf 90' lang='lat' dir='ltr'><strong>terram</strong></span> <span class='ocrx_word' id='word_1_70' title='bbox 891 1414 978 1475; x_wconf 92' lang='lat' dir='ltr'><strong>illam</strong></span> <span class='ocrx_word' id='word_1_71' title='bbox 1003 1415 1203 1494; x_wconf 86' lang='lat' dir='ltr'><strong>longitudine</strong></span> 
     </span>
     <span class='ocr_line' id='line_1_11' title="bbox 138 1519 1205 1600; baseline -0.004 -14"><span class='ocrx_word' id='word_1_72' title='bbox 138 1524 268 1586; x_wconf 90' lang='lat' dir='ltr'><strong>scilicet</strong></span> <span class='ocrx_word' id='word_1_73' title='bbox 281 1527 312 1582; x_wconf 90' lang='lat' dir='ltr'><strong>et</strong></span> <span class='ocrx_word' id='word_1_74' title='bbox 326 1521 494 1582; x_wconf 92' lang='lat' dir='ltr'><strong>latitudine</strong></span> <span class='ocrx_word' id='word_1_75' title='bbox 509 1519 634 1581; x_wconf 90' lang='lat' dir='ltr'><strong>duabus</strong></span> <span class='ocrx_word' id='word_1_76' title='bbox 650 1519 762 1594; x_wconf 89' lang='lat' dir='ltr'><strong>dietis;</strong></span> <span class='ocrx_word' id='word_1_77' title='bbox 781 1520 890 1600; x_wconf 92' lang='lat' dir='ltr'><strong>spacio</strong></span> <span class='ocrx_word' id='word_1_78' title='bbox 906 1519 1078 1582; x_wconf 80' lang='lat' dir='ltr'><strong>duodecim</strong></span> <span class='ocrx_word' id='word_1_79' title='bbox 1094 1521 1205 1583; x_wconf 92' lang='lat' dir='ltr'><strong>millia-</strong></span> 
     </span>
    </p>
   </div>
   <div class='ocr_carea' id='block_1_5' title="bbox 32 1626 1204 1716">
    <p class='ocr_par' dir='ltr' id='par_1_6' title="bbox 32 1626 1204 1716">
     <span class='ocr_line' id='line_1_12' title="bbox 32 1626 1204 1716; baseline -0.003 -24"><span class='ocrx_word' id='word_1_80' title='bbox 32 1710 36 1716; x_wconf 28' lang='lat'>·</span> <span class='ocrx_word' id='word_1_81' title='bbox 138 1633 266 1692; x_wconf 92' lang='lat' dir='ltr'><strong>riorum</strong></span> <span class='ocrx_word' id='word_1_82' title='bbox 295 1629 328 1689; x_wconf 95' lang='lat' dir='ltr'><strong>in</strong></span> <span class='ocrx_word' id='word_1_83' title='bbox 352 1627 586 1706; x_wconf 83' lang='lat' dir='ltr'><strong>longitudinem</strong></span> <span class='ocrx_word' id='word_1_84' title='bbox 614 1626 827 1688; x_wconf 89' lang='lat' dir='ltr'><strong>audiebantur</strong></span> <span class='ocrx_word' id='word_1_85' title='bbox 851 1626 998 1689; x_wconf 85' lang='lat' dir='ltr'><strong>fremitus</strong></span> <span class='ocrx_word' id='word_1_86' title='bbox 1023 1633 1055 1688; x_wconf 92' lang='lat' dir='ltr'><strong>et</strong></span> <span class='ocrx_word' id='word_1_87' title='bbox 1080 1628 1204 1689; x_wconf 90' lang='lat' dir='ltr'><strong>sonitus</strong></span> 
     </span>
    </p>
   </div>
   <div class='ocr_carea' id='block_1_6' title="bbox 138 1732 1207 3715">
    <p class='ocr_par' dir='ltr' id='par_1_7' title="bbox 138 1732 1207 3715">
     <span class='ocr_line' id='line_1_13' title="bbox 138 1732 1206 1813; baseline -0.004 -15"><span class='ocrx_word' id='word_1_88' title='bbox 138 1737 284 1798; x_wconf 90' lang='lat' dir='ltr'><strong>illorum.</strong></span> <span class='ocrx_word' id='word_1_89' title='bbox 315 1734 394 1795; x_wconf 91' lang='lat' dir='ltr'><strong>ltem</strong></span> <span class='ocrx_word' id='word_1_90' title='bbox 418 1732 577 1794; x_wconf 85' lang='lat' dir='ltr'><strong>Arnaldus</strong></span> <span class='ocrx_word' id='word_1_91' title='bbox 602 1732 643 1793; x_wconf 92' lang='lat' dir='ltr'><strong>de</strong></span> <span class='ocrx_word' id='word_1_92' title='bbox 673 1732 826 1794; x_wconf 90' lang='lat' dir='ltr'><strong>Bellanda</strong></span> <span class='ocrx_word' id='word_1_93' title='bbox 850 1733 973 1813; x_wconf 91' lang='lat' dir='ltr'><strong>primus</strong></span> <span class='ocrx_word' id='word_1_94' title='bbox 997 1734 1206 1795; x_wconf 86' lang='lat' dir='ltr'><strong>transmeavit</strong></span> 
     </span>
     <span class='ocr_line' id='line_1_14' title="bbox 138 1838 1204 1924; baseline -0.003 -19"><span class='ocrx_word' id='word_1_95' title='bbox 138 1848 256 1924; x_wconf 91' lang='lat' dir='ltr'><strong>portus</strong></span> <span class='ocrx_word' id='word_1_96' title='bbox 278 1841 424 1902; x_wconf 87' lang='lat' dir='ltr'><strong>Cisereos</strong></span> <span class='ocrx_word' id='word_1_97' title='bbox 447 1845 477 1900; x_wconf 89' lang='lat' dir='ltr'><strong>et</strong></span> <span class='ocrx_word' id='word_1_98' title='bbox 502 1839 588 1900; x_wconf 89' lang='lat' dir='ltr'><strong>venit</strong></span> <span class='ocrx_word' id='word_1_99' title='bbox 612 1838 856 1918; x_wconf 88' lang='lat' dir='ltr'><strong>Pampiloniam.</strong></span> <span class='ocrx_word' id='word_1_100' title='bbox 883 1838 995 1900; x_wconf 87' lang='lat' dir='ltr'><strong>Statim</strong></span> <span class='ocrx_word' id='word_1_101' title='bbox 1014 1840 1204 1920; x_wconf 88' lang='lat' dir='ltr'><strong>insequutus</strong></span> 
     </span>
     <span class='ocr_line' id='line_1_15' title="bbox 139 1945 1206 2010; baseline -0.004 0"><span class='ocrx_word' id='word_1_102' title='bbox 139 1954 193 2010; x_wconf 92' lang='lat' dir='ltr'><strong>est</strong></span> <span class='ocrx_word' id='word_1_103' title='bbox 213 1945 303 2007; x_wconf 94' lang='lat' dir='ltr'><strong>illum</strong></span> <span class='ocrx_word' id='word_1_104' title='bbox 323 1945 465 2006; x_wconf 89' lang='lat' dir='ltr'><strong>Estultus</strong></span> <span class='ocrx_word' id='word_1_105' title='bbox 486 1963 596 2005; x_wconf 88' lang='lat' dir='ltr'><strong>comes</strong></span> <span class='ocrx_word' id='word_1_106' title='bbox 619 1961 692 2004; x_wconf 93' lang='lat' dir='ltr'><strong>cum</strong></span> <span class='ocrx_word' id='word_1_107' title='bbox 715 1963 773 2005; x_wconf 90' lang='lat' dir='ltr'><strong>suo</strong></span> <span class='ocrx_word' id='word_1_108' title='bbox 794 1945 946 2007; x_wconf 87' lang='lat' dir='ltr'><strong>exercitu.</strong></span> <span class='ocrx_word' id='word_1_109' title='bbox 974 1945 1096 2007; x_wconf 87' lang='lat' dir='ltr'><strong>Deinde</strong></span> <span class='ocrx_word' id='word_1_110' title='bbox 1118 1947 1206 2006; x_wconf 86' lang='lat' dir='ltr'><strong>venit</strong></span> 
     </span>
     <span class='ocr_line' id='line_1_16' title="bbox 138 2048 1202 2129; baseline -0.002 -17"><span class='ocrx_word' id='word_1_111' title='bbox 138 2053 337 2129; x_wconf 77' lang='lat' dir='ltr'><strong>Arastagnus</strong></span> <span class='ocrx_word' id='word_1_112' title='bbox 363 2067 434 2122; x_wconf 84' lang='lat' dir='ltr'><strong>rex,</strong></span> <span class='ocrx_word' id='word_1_113' title='bbox 463 2054 494 2109; x_wconf 92' lang='lat' dir='ltr'><strong>et</strong></span> <span class='ocrx_word' id='word_1_114' title='bbox 518 2048 691 2127; x_wconf 85' lang='lat' dir='ltr'><strong>Engelerus</strong></span> <span class='ocrx_word' id='word_1_115' title='bbox 722 2048 785 2109; x_wconf 83' lang='lat' dir='ltr'><strong>dux</strong></span> <span class='ocrx_word' id='word_1_116' title='bbox 811 2068 883 2110; x_wconf 93' lang='lat' dir='ltr'><strong>cum</strong></span> <span class='ocrx_word' id='word_1_117' title='bbox 912 2050 977 2110; x_wconf 89' lang='lat' dir='ltr'><strong>suis</strong></span> <span class='ocrx_word' id='word_1_118' title='bbox 997 2049 1202 2112; x_wconf 88' lang='lat' dir='ltr'><strong>exercitibus.</strong></span> 
     </span>
     <span class='ocr_line' id='line_1_17' title="bbox 141 2153 1204 2235; baseline 0 -18"><span class='ocrx_word' id='word_1_119' title='bbox 141 2156 297 2218; x_wconf 88' lang='lat' dir='ltr'><strong>Similiter</strong></span> <span class='ocrx_word' id='word_1_120' title='bbox 317 2162 429 2235; x_wconf 87' lang='lat' dir='ltr'><strong>postea</strong></span> <span class='ocrx_word' id='word_1_121' title='bbox 452 2155 540 2215; x_wconf 81' lang='lat' dir='ltr'><strong>venit</strong></span> <span class='ocrx_word' id='word_1_122' title='bbox 562 2153 791 2216; x_wconf 90' lang='lat' dir='ltr'><strong>Gaudeboldus</strong></span> <span class='ocrx_word' id='word_1_123' title='bbox 807 2174 860 2216; x_wconf 85' lang='lat' dir='ltr'><strong>rex</strong></span> <span class='ocrx_word' id='word_1_124' title='bbox 877 2175 950 2216; x_wconf 90' lang='lat' dir='ltr'><strong>cum</strong></span> <span class='ocrx_word' id='word_1_125' title='bbox 976 2175 1034 2217; x_wconf 91' lang='lat' dir='ltr'><strong>suo</strong></span> <span class='ocrx_word' id='word_1_126' title='bbox 1051 2157 1204 2218; x_wconf 89' lang='lat' dir='ltr'><strong>exercitu.</strong></span> 
     </span>
     <span class='ocr_line' id='line_1_18' title="bbox 140 2258 1207 2339; baseline -0.001 -16"><span class='ocrx_word' id='word_1_127' title='bbox 140 2260 267 2323; x_wconf 89' lang='lat' dir='ltr'><strong>Deinde</strong></span> <span class='ocrx_word' id='word_1_128' title='bbox 289 2259 435 2339; x_wconf 85' lang='lat' dir='ltr'><strong>Otgerius</strong></span> <span class='ocrx_word' id='word_1_129' title='bbox 459 2277 513 2319; x_wconf 83' lang='lat' dir='ltr'><strong>rex</strong></span> <span class='ocrx_word' id='word_1_130' title='bbox 534 2265 566 2318; x_wconf 92' lang='lat' dir='ltr'><strong>et</strong></span> <span class='ocrx_word' id='word_1_131' title='bbox 586 2258 814 2319; x_wconf 84' lang='lat' dir='ltr'><strong>Constantinus</strong></span> <span class='ocrx_word' id='word_1_132' title='bbox 831 2278 904 2321; x_wconf 93' lang='lat' dir='ltr'><strong>cum</strong></span> <span class='ocrx_word' id='word_1_133' title='bbox 928 2261 993 2321; x_wconf 90' lang='lat' dir='ltr'><strong>suis</strong></span> <span class='ocrx_word' id='word_1_134' title='bbox 1012 2260 1207 2322; x_wconf 90' lang='lat' dir='ltr'><strong>exercitibus</strong></span> 
     </span>
     <span class='ocr_line' id='line_1_19' title="bbox 141 2365 1206 2456; baseline -0.002 -26"><span class='ocrx_word' id='word_1_135' title='bbox 141 2374 312 2456; x_wconf 79' lang='lat' dir='ltr'><strong>venerunt.</strong></span> <span class='ocrx_word' id='word_1_136' title='bbox 338 2365 517 2428; x_wconf 83' lang='lat' dir='ltr'><strong>Novissime</strong></span> <span class='ocrx_word' id='word_1_137' title='bbox 544 2383 619 2425; x_wconf 91' lang='lat' dir='ltr'><strong>vero</strong></span> <span class='ocrx_word' id='word_1_138' title='bbox 645 2365 732 2426; x_wconf 88' lang='lat' dir='ltr'><strong>venit</strong></span> <span class='ocrx_word' id='word_1_139' title='bbox 757 2366 890 2428; x_wconf 88' lang='lat' dir='ltr'><strong>Karolus</strong></span> <span class='ocrx_word' id='word_1_140' title='bbox 916 2386 990 2428; x_wconf 89' lang='lat' dir='ltr'><strong>cum</strong></span> <span class='ocrx_word' id='word_1_141' title='bbox 1012 2369 1081 2428; x_wconf 90' lang='lat' dir='ltr'><strong>aliis</strong></span> <span class='ocrx_word' id='word_1_142' title='bbox 1101 2369 1206 2429; x_wconf 93' lang='lat' dir='ltr'><strong>omni-</strong></span> 
     </span>
     <span class='ocr_line' id='line_1_20' title="bbox 140 2460 1206 2552; baseline -0.001 -17"><span class='ocrx_word' id='word_1_143' title='bbox 140 2475 205 2535; x_wconf 90' lang='lat' dir='ltr'><strong>bus</strong></span> <span class='ocrx_word' id='word_1_144' title='bbox 227 2460 437 2545; x_wconf 87' lang='lat' dir='ltr'><strong>exercitibus,</strong></span> <span class='ocrx_word' id='word_1_145' title='bbox 460 2476 492 2532; x_wconf 92' lang='lat' dir='ltr'><strong>et</strong></span> <span class='ocrx_word' id='word_1_146' title='bbox 510 2477 747 2552; x_wconf 92' lang='lat' dir='ltr'><strong>cooperuerunt</strong></span> <span class='ocrx_word' id='word_1_147' title='bbox 767 2477 865 2533; x_wconf 90' lang='lat' dir='ltr'><strong>totam</strong></span> <span class='ocrx_word' id='word_1_148' title='bbox 890 2480 1008 2534; x_wconf 92' lang='lat' dir='ltr'><strong>terram</strong></span> <span class='ocrx_word' id='word_1_149' title='bbox 1033 2492 1050 2533; x_wconf 93' lang='lat' dir='ltr'><strong>a</strong></span> <span class='ocrx_word' id='word_1_150' title='bbox 1073 2473 1206 2534; x_wconf 86' lang='lat' dir='ltr'><strong>flumine</strong></span> 
     </span>
     <span class='ocr_line' id='line_1_21' title="bbox 140 2575 1206 2658; baseline 0.001 -18"><span class='ocrx_word' id='word_1_151' title='bbox 140 2579 255 2640; x_wconf 83' lang='lat' dir='ltr'><strong>llumae</strong></span> <span class='ocrx_word' id='word_1_152' title='bbox 268 2578 308 2657; x_wconf 84' lang='grc'><strong>(1)</strong></span> <span class='ocrx_word' id='word_1_153' title='bbox 321 2575 475 2656; x_wconf 91' lang='lat' dir='ltr'><strong>usquead</strong></span> <span class='ocrx_word' id='word_1_154' title='bbox 488 2581 631 2636; x_wconf 90' lang='lat' dir='ltr'><strong>montem</strong></span> <span class='ocrx_word' id='word_1_155' title='bbox 645 2575 699 2655; x_wconf 93' lang='lat' dir='ltr'><strong>qui</strong></span> <span class='ocrx_word' id='word_1_156' title='bbox 714 2576 810 2636; x_wconf 90' lang='lat' dir='ltr'><strong>distat</strong></span> <span class='ocrx_word' id='word_1_157' title='bbox 821 2576 860 2637; x_wconf 91' lang='lat' dir='ltr'><strong>ab</strong></span> <span class='ocrx_word' id='word_1_158' title='bbox 874 2578 952 2638; x_wconf 89' lang='lat' dir='ltr'><strong>urbe</strong></span> <span class='ocrx_word' id='word_1_159' title='bbox 966 2578 1068 2638; x_wconf 93' lang='lat' dir='ltr'><strong>tribus</strong></span> <span class='ocrx_word' id='word_1_160' title='bbox 1081 2579 1206 2658; x_wconf 87' lang='lat' dir='ltr'><strong>leuguis</strong></span> 
     </span>
     <span class='ocr_line' id='line_1_22' title="bbox 140 2681 1206 2748; baseline 0.004 -4"><span class='ocrx_word' id='word_1_161' title='bbox 140 2686 196 2746; x_wconf 89' lang='lat' dir='ltr'><strong>via</strong></span> <span class='ocrx_word' id='word_1_162' title='bbox 210 2683 403 2745; x_wconf 91' lang='lat' dir='ltr'><strong>iacobitana.</strong></span> <span class='ocrx_word' id='word_1_163' title='bbox 421 2681 500 2743; x_wconf 89' lang='lat' dir='ltr'><strong>Octo</strong></span> <span class='ocrx_word' id='word_1_164' title='bbox 516 2682 630 2744; x_wconf 92' lang='lat' dir='ltr'><strong>diebus</strong></span> <span class='ocrx_word' id='word_1_165' title='bbox 647 2700 770 2743; x_wconf 92' lang='lat' dir='ltr'><strong>moram</strong></span> <span class='ocrx_word' id='word_1_166' title='bbox 786 2682 932 2745; x_wconf 87' lang='lat' dir='ltr'><strong>lecerunt</strong></span> <span class='ocrx_word' id='word_1_167' title='bbox 947 2684 987 2745; x_wconf 94' lang='lat' dir='ltr'><strong>ad</strong></span> <span class='ocrx_word' id='word_1_168' title='bbox 1005 2691 1206 2748; x_wconf 90' lang='lat' dir='ltr'><strong>transmean-</strong></span> 
     </span>
     <span class='ocr_line' id='line_1_23' title="bbox 140 2788 1207 2872; baseline 0.001 -19"><span class='ocrx_word' id='word_1_169' title='bbox 140 2791 222 2853; x_wconf 93' lang='lat' dir='ltr'><strong>dum</strong></span> <span class='ocrx_word' id='word_1_170' title='bbox 243 2795 364 2869; x_wconf 92' lang='lat' dir='ltr'><strong>portus.</strong></span> <span class='ocrx_word' id='word_1_171' title='bbox 391 2788 515 2850; x_wconf 92' lang='lat' dir='ltr'><strong>lnterea</strong></span> <span class='ocrx_word' id='word_1_172' title='bbox 535 2788 698 2851; x_wconf 90' lang='lat' dir='ltr'><strong>mandavit</strong></span> <span class='ocrx_word' id='word_1_173' title='bbox 712 2789 846 2850; x_wconf 88' lang='lat' dir='ltr'><strong>Karolus</strong></span> <span class='ocrx_word' id='word_1_174' title='bbox 861 2790 1052 2869; x_wconf 77' lang='lat' dir='ltr'><strong>Aigolando,</strong></span> <span class='ocrx_word' id='word_1_175' title='bbox 1071 2793 1207 2872; x_wconf 90' lang='lat' dir='ltr'><strong>quierat</strong></span> 
     </span>
     <span class='ocr_line' id='line_1_24' title="bbox 139 2893 1206 2974; baseline 0.002 -17"><span class='ocrx_word' id='word_1_176' title='bbox 139 2898 176 2958; x_wconf 91' lang='lat' dir='ltr'><strong>in</strong></span> <span class='ocrx_word' id='word_1_177' title='bbox 193 2895 283 2969; x_wconf 87' lang='lat' dir='ltr'><strong>urbe,</strong></span> <span class='ocrx_word' id='word_1_178' title='bbox 298 2900 334 2956; x_wconf 90' lang='lat' dir='ltr'><strong>ut</strong></span> <span class='ocrx_word' id='word_1_179' title='bbox 348 2893 497 2956; x_wconf 90' lang='lat' dir='ltr'><strong>redderet</strong></span> <span class='ocrx_word' id='word_1_180' title='bbox 511 2893 557 2954; x_wconf 95' lang='lat' dir='ltr'><strong>illi</strong></span> <span class='ocrx_word' id='word_1_181' title='bbox 572 2894 685 2956; x_wconf 92' lang='lat' dir='ltr'><strong>urbem</strong></span> <span class='ocrx_word' id='word_1_182' title='bbox 702 2913 797 2974; x_wconf 88' lang='lat' dir='ltr'><strong>quam</strong></span> <span class='ocrx_word' id='word_1_183' title='bbox 819 2894 1068 2957; x_wconf 88' lang='lat' dir='ltr'><strong>reaedificaverat</strong></span> <span class='ocrx_word' id='word_1_184' title='bbox 1087 2903 1118 2957; x_wconf 93' lang='lat' dir='ltr'><strong>et</strong></span> <span class='ocrx_word' id='word_1_185' title='bbox 1136 2916 1206 2959; x_wconf 88' lang='lat' dir='ltr'><strong>rur-</strong></span> 
     </span>
     <span class='ocr_line' id='line_1_25' title="bbox 141 3001 1206 3081; baseline -0.002 -15"><span class='ocrx_word' id='word_1_186' title='bbox 141 3023 215 3066; x_wconf 91' lang='lat' dir='ltr'><strong>sum</strong></span> <span class='ocrx_word' id='word_1_187' title='bbox 229 3004 399 3075; x_wconf 89' lang='lat' dir='ltr'><strong>munierat‚</strong></span> <span class='ocrx_word' id='word_1_188' title='bbox 416 3007 469 3063; x_wconf 90' lang='lat' dir='ltr'><strong>aut</strong></span> <span class='ocrx_word' id='word_1_189' title='bbox 482 3002 583 3063; x_wconf 82' lang='lat' dir='ltr'><strong>exiret</strong></span> <span class='ocrx_word' id='word_1_190' title='bbox 593 3001 633 3063; x_wconf 91' lang='lat' dir='ltr'><strong>ad</strong></span> <span class='ocrx_word' id='word_1_191' title='bbox 650 3001 770 3062; x_wconf 91' lang='lat' dir='ltr'><strong>bellum</strong></span> <span class='ocrx_word' id='word_1_192' title='bbox 781 3007 893 3063; x_wconf 87' lang='lat' dir='ltr'><strong>contra</strong></span> <span class='ocrx_word' id='word_1_193' title='bbox 907 3021 992 3062; x_wconf 90' lang='lat' dir='ltr'><strong>eum.</strong></span> <span class='ocrx_word' id='word_1_194' title='bbox 1009 3003 1206 3081; x_wconf 81' lang='lat' dir='ltr'><strong>Aigolandus</strong></span> 
     </span>
     <span class='ocr_line' id='line_1_26' title="bbox 141 3106 1204 3188; baseline 0 -18"><span class='ocrx_word' id='word_1_195' title='bbox 141 3128 221 3170; x_wconf 88' lang='lat' dir='ltr'><strong>vero</strong></span> <span class='ocrx_word' id='word_1_196' title='bbox 245 3115 279 3170; x_wconf 88' lang='lat' dir='ltr'><strong>ut</strong></span> <span class='ocrx_word' id='word_1_197' title='bbox 303 3107 381 3169; x_wconf 87' lang='lat' dir='ltr'><strong>vidit</strong></span> <span class='ocrx_word' id='word_1_198' title='bbox 403 3109 477 3188; x_wconf 90' lang='lat' dir='ltr'><strong>quia</strong></span> <span class='ocrx_word' id='word_1_199' title='bbox 499 3106 613 3168; x_wconf 87' lang='lat' dir='ltr'><strong>urbem</strong></span> <span class='ocrx_word' id='word_1_200' title='bbox 630 3113 739 3168; x_wconf 89' lang='lat' dir='ltr'><strong>tenere</strong></span> <span class='ocrx_word' id='word_1_201' title='bbox 757 3127 821 3168; x_wconf 95' lang='lat' dir='ltr'><strong>non</strong></span> <span class='ocrx_word' id='word_1_202' title='bbox 838 3114 964 3187; x_wconf 89' lang='lat' dir='ltr'><strong>poterat</strong></span> <span class='ocrx_word' id='word_1_203' title='bbox 984 3114 1096 3168; x_wconf 92' lang='lat' dir='ltr'><strong>contra</strong></span> <span class='ocrx_word' id='word_1_204' title='bbox 1115 3127 1204 3183; x_wconf 92' lang='lat' dir='ltr'><strong>eum,</strong></span> 
     </span>
     <span class='ocr_line' id='line_1_27' title="bbox 142 3211 1203 3293; baseline 0 -18"><span class='ocrx_word' id='word_1_205' title='bbox 142 3215 241 3293; x_wconf 87' lang='lat' dir='ltr'><strong>elegit</strong></span> <span class='ocrx_word' id='word_1_206' title='bbox 256 3214 356 3291; x_wconf 86' lang='lat' dir='ltr'><strong>magis</strong></span> <span class='ocrx_word' id='word_1_207' title='bbox 375 3212 461 3274; x_wconf 85' lang='lat' dir='ltr'><strong>exire</strong></span> <span class='ocrx_word' id='word_1_208' title='bbox 481 3212 521 3272; x_wconf 93' lang='lat' dir='ltr'><strong>ad</strong></span> <span class='ocrx_word' id='word_1_209' title='bbox 545 3211 665 3274; x_wconf 89' lang='lat' dir='ltr'><strong>bellum</strong></span> <span class='ocrx_word' id='word_1_210' title='bbox 688 3230 784 3292; x_wconf 92' lang='lat' dir='ltr'><strong>quarn</strong></span> <span class='ocrx_word' id='word_1_211' title='bbox 807 3212 839 3271; x_wconf 93' lang='lat' dir='ltr'><strong>in</strong></span> <span class='ocrx_word' id='word_1_212' title='bbox 859 3211 938 3272; x_wconf 91' lang='lat' dir='ltr'><strong>urbe</strong></span> <span class='ocrx_word' id='word_1_213' title='bbox 959 3212 1096 3291; x_wconf 89' lang='lat' dir='ltr'><strong>turpiter</strong></span> <span class='ocrx_word' id='word_1_214' title='bbox 1110 3213 1203 3275; x_wconf 90' lang='lat' dir='ltr'><strong>mori.</strong></span> 
     </span>
     <span class='ocr_line' id='line_1_28' title="bbox 142 3317 1206 3400; baseline 0.001 -19"><span class='ocrx_word' id='word_1_215' title='bbox 142 3319 232 3381; x_wconf 86' lang='lat' dir='ltr'><strong>Tunc</strong></span> <span class='ocrx_word' id='word_1_216' title='bbox 258 3317 422 3380; x_wconf 89' lang='lat' dir='ltr'><strong>mandavit</strong></span> <span class='ocrx_word' id='word_1_217' title='bbox 445 3317 562 3378; x_wconf 87' lang='lat' dir='ltr'><strong>llarolo</strong></span> <span class='ocrx_word' id='word_1_218' title='bbox 584 3323 619 3379; x_wconf 91' lang='lat' dir='ltr'><strong>ut</strong></span> <span class='ocrx_word' id='word_1_219' title='bbox 642 3318 733 3379; x_wconf 91' lang='lat' dir='ltr'><strong>daret</strong></span> <span class='ocrx_word' id='word_1_220' title='bbox 757 3318 817 3378; x_wconf 90' lang='lat' dir='ltr'><strong>sibi</strong></span> <span class='ocrx_word' id='word_1_221' title='bbox 843 3317 1010 3391; x_wconf 89' lang='lat' dir='ltr'><strong>inducias,</strong></span> <span class='ocrx_word' id='word_1_222' title='bbox 1038 3338 1206 3400; x_wconf 88' lang='lat' dir='ltr'><strong>quousque</strong></span> 
     </span>
     <span class='ocr_line' id='line_1_29' title="bbox 143 3424 1206 3504; baseline 0 -16"><span class='ocrx_word' id='word_1_223' title='bbox 143 3428 250 3488; x_wconf 92' lang='lat' dir='ltr'><strong>omnis</strong></span> <span class='ocrx_word' id='word_1_224' title='bbox 275 3425 435 3487; x_wconf 81' lang='lat' dir='ltr'><strong>exercitus</strong></span> <span class='ocrx_word' id='word_1_225' title='bbox 458 3425 526 3485; x_wconf 88' lang='lat' dir='ltr'><strong>eius</strong></span> <span class='ocrx_word' id='word_1_226' title='bbox 550 3425 757 3504; x_wconf 87' lang='lat' dir='ltr'><strong>egrederetur</strong></span> <span class='ocrx_word' id='word_1_227' title='bbox 782 3425 821 3485; x_wconf 92' lang='lat' dir='ltr'><strong>ab</strong></span> <span class='ocrx_word' id='word_1_228' title='bbox 848 3425 938 3498; x_wconf 91' lang='lat' dir='ltr'><strong>urbe,</strong></span> <span class='ocrx_word' id='word_1_229' title='bbox 967 3430 999 3485; x_wconf 91' lang='lat' dir='ltr'><strong>et</strong></span> <span class='ocrx_word' id='word_1_230' title='bbox 1022 3424 1061 3485; x_wconf 94' lang='lat' dir='ltr'><strong>ad</strong></span> <span class='ocrx_word' id='word_1_231' title='bbox 1086 3426 1206 3488; x_wconf 93' lang='lat' dir='ltr'><strong>bellum</strong></span> 
     </span>
     <span class='ocr_line' id='line_1_30' title="bbox 143 3529 1205 3613; baseline -0.001 -21"><span class='ocrx_word' id='word_1_232' title='bbox 143 3536 389 3613; x_wconf 86' lang='lat' dir='ltr'><strong>praepararetur,</strong></span> <span class='ocrx_word' id='word_1_233' title='bbox 409 3535 440 3589; x_wconf 92' lang='lat' dir='ltr'><strong>et</strong></span> <span class='ocrx_word' id='word_1_234' title='bbox 455 3547 529 3589; x_wconf 91' lang='lat' dir='ltr'><strong>cum</strong></span> <span class='ocrx_word' id='word_1_235' title='bbox 543 3547 582 3590; x_wconf 91' lang='lat' dir='ltr'><strong>eo</strong></span> <span class='ocrx_word' id='word_1_236' title='bbox 597 3529 693 3589; x_wconf 89' lang='lat' dir='ltr'><strong>etiam</strong></span> <span class='ocrx_word' id='word_1_237' title='bbox 711 3547 766 3589; x_wconf 92' lang='lat' dir='ltr'><strong>ore</strong></span> <span class='ocrx_word' id='word_1_238' title='bbox 782 3529 822 3589; x_wconf 92' lang='lat' dir='ltr'><strong>ad</strong></span> <span class='ocrx_word' id='word_1_239' title='bbox 838 3547 874 3589; x_wconf 90' lang='lat' dir='ltr'><strong>os</strong></span> <span class='ocrx_word' id='word_1_240' title='bbox 892 3529 1089 3608; x_wconf 90' lang='lat' dir='ltr'><strong>loqueretur.</strong></span> <span class='ocrx_word' id='word_1_241' title='bbox 1114 3530 1205 3591; x_wconf 89' lang='lat' dir='ltr'><strong>Desi-</strong></span> 
     </span>
     <span class='ocr_line' id='line_1_31' title="bbox 144 3635 896 3715; baseline -0.005 -15"><span class='ocrx_word' id='word_1_242' title='bbox 144 3639 280 3700; x_wconf 87' lang='lat' dir='ltr'><strong>derabat</strong></span> <span class='ocrx_word' id='word_1_243' title='bbox 293 3637 380 3698; x_wconf 92' lang='lat' dir='ltr'><strong>enim</strong></span> <span class='ocrx_word' id='word_1_244' title='bbox 397 3635 505 3698; x_wconf 88' lang='lat' dir='ltr'><strong>ridere</strong></span> <span class='ocrx_word' id='word_1_245' title='bbox 521 3636 672 3697; x_wconf 88' lang='lat' dir='ltr'><strong>Karolum</strong></span> <span class='ocrx_word' id='word_1_246' title='bbox 686 3635 896 3715; x_wconf 80' lang='lat' dir='ltr'><strong>Aigolandus.</strong></span> 
     </span>
    </p>
   </div>
   <div class='ocr_carea' id='block_1_7' title="bbox 181 3868 416 3937">
    <p class='ocr_par' dir='ltr' id='par_1_8' title="bbox 181 3868 416 3937">
     <span class='ocr_line' id='line_1_32' title="bbox 181 3868 416 3937; baseline 0 -17"><span class='ocrx_word' id='word_1_247' title='bbox 181 3868 214 3937; x_wconf 86' lang='grc'><strong>(1)</strong></span> <span class='ocrx_word' id='word_1_248' title='bbox 236 3873 282 3920; x_wconf 80' lang='lat'><strong>281</strong></span> <span class='ocrx_word' id='word_1_249' title='bbox 302 3872 416 3921; x_wconf 61' lang='lat' dir='ltr'><strong>:Runa</strong></span> 
     </span>
    </p>
   </div>
   <div class='ocr_carea' id='block_1_8' title="bbox 0 0 1541 4942">
    <p class='ocr_par' dir='ltr' id='par_1_9' title="bbox 0 0 1541 4942">
     <span class='ocr_line' id='line_1_33' title="bbox 0 0 1541 4942; baseline 0 0"><span class='ocrx_word' id='word_1_250' title='bbox 0 0 1541 4942; x_wconf 95' lang='lat' dir='ltr'><strong> </strong></span> 
     </span>
    </p>
   </div>
  </div>
 </body>
</html>
