3042 4942
577 441 769 511 ‚21-

134 585 251 646 valeat.
267 585 332 646 Nos
347 585 503 646 hahemus
519 586 678 648 Mahumet
698 586 751 667 qui
773 585 828 646 Dei
848 586 986 646 nuncius
1002 585 1062 646 fuit
1078 584 1171 646 nobis
1186 605 1203 646 a

133 691 202 751 Deo
220 692 349 764 missus
368 692 459 752 cuius
473 700 634 773 praeeepta
649 699 814 766 tenemus;
840 692 939 753 immo
953 690 1036 752 Deos
1053 691 1203 771 omnipo-

133 804 242 858 tentes
258 796 414 858 habemus
436 799 490 878 qui
514 799 602 860 iussu
619 798 780 859 Mahumet
800 796 895 858 nobis
920 795 1027 868 futura
1051 795 1202 857 manifes-

132 908 214 976 tant,
236 919 317 981 quos
334 901 485 975 colimus,
504 919 561 982 per
572 921 653 982 quos
668 902 805 963 vivimus
818 908 850 962 et
860 919 1043 981 regnamus.
1058 901 1202 979 —Aigo-

134 1004 251 1080 lande,
268 1006 373 1085 inquit
394 1005 546 1080 Karalus,
565 1007 598 1067 in
613 1007 676 1068 hoc
692 1025 797 1080 erras,
815 1007 890 1086 quia
905 1025 965 1067 nos
980 1006 1037 1067 Dei
1054 1004 1205 1066 mandata

132 1116 308 1170 tenemus:
334 1129 391 1170 vos
414 1111 485 1170 vani
510 1110 652 1172 hominis
675 1116 838 1190 praecepta
863 1130 943 1172 vana
967 1111 1107 1184 tenetis3
1144 1128 1204 1171 nos

132 1215 241 1277 Deum
257 1221 396 1295 patrem,
414 1215 582 1290 etlilium,
604 1222 636 1276 et
660 1216 807 1296 spiritum
833 1222 979 1278 sanctum
996 1215 1159 1277 credimus
1173 1222 1205 1276 et

133 1319 312 1380 adoramus
325 1339 332 1393 ;
351 1337 408 1380 vos
423 1319 589 1381 diabolum
604 1321 636 1380 in
652 1320 832 1382 simulacris
850 1321 963 1382 vestris
978 1326 1010 1381 et
1027 1319 1159 1381 creditis
1174 1333 1206 1387 et

133 1426 292 1487 adoratis.
319 1427 442 1486 Animae
467 1431 585 1487 nostrae
612 1445 671 1506 per
700 1427 797 1488 fidem
821 1445 917 1508 quam
942 1433 1107 1501 tenemuS‚
1132 1432 1206 1507 post

134 1537 277 1592 mortem
293 1531 326 1590 in
340 1529 528 1593 Paradisum
543 1538 574 1592 et
589 1531 628 1592 ad
645 1533 743 1593 vitam
763 1550 940 1612 perennem
956 1533 1093 1593 tendunt
1109 1551 1115 1592 :
1135 1550 1204 1592 ves-

133 1643 196 1697 trae
212 1642 317 1697 autem
332 1635 372 1696 ad
387 1635 505 1697 Orcum
528 1637 794 1715 proficiscuntur;
813 1637 899 1699 unde
914 1643 1001 1718 patet
1016 1637 1090 1717 quia
1105 1637 1205 1716 magis

134 1743 225 1804 valet
249 1741 299 1802 lex
324 1747 434 1802 nostra
457 1760 554 1822 quam
579 1748 693 1804 vestra.
712 1741 914 1824 Quapropter
938 1749 992 1804 aut
1009 1742 1205 1822 baptismum

134 1847 249 1926 accipe
263 1853 297 1907 tu
312 1853 343 1907 et
356 1865 434 1926 gens
450 1852 504 1907 tua
518 1853 550 1908 et
564 1848 645 1921 vive,
667 1853 720 1908 aut
735 1848 807 1908 veni
824 1848 856 1908 in
880 1848 1001 1909 bellum
1026 1853 1138 1908 eontra
1154 1865 1205 1906 me

134 1961 174 2014 nt
190 1953 272 2032 male
289 1953 445 2013 moriaris.
463 1989 501 1997 -
513 1953 606 2014 Absit
620 1973 637 2013 a
650 1971 713 2027 me,
730 1954 835 2034 inquit
847 1954 1058 2033 Aigolandus,
1076 1959 1110 2014 ut
1125 1952 1204 2032 bap-

135 2060 272 2120 tismum
287 2059 461 2138 accipiam,
478 2067 509 2120 et
524 2060 683 2121 Mahumet
698 2060 798 2121 Deum
816 2079 921 2122 meum
946 2059 1202 2141 omnipotentem

136 2163 317 2242 abnegem;
335 2163 392 2224 sed
407 2164 557 2243 pugnabo
573 2183 632 2244 ego
649 2171 680 2224 et
690 2183 769 2243 gens
783 2183 852 2226 mea
867 2171 979 2226 contra
992 2171 1022 2226 te
1035 2171 1066 2225 et
1077 2169 1204 2243 gentem

135 2275 244 2340 tuam,
261 2267 315 2328 tali
332 2275 425 2347 pacto
446 2268 534 2348 quod
555 2269 580 2330 si
601 2269 652 2329 lex
677 2275 786 2329 nostra
807 2269 908 2348 magis
932 2267 998 2330 Deo
1025 2269 1066 2330 sit
1088 2268 1206 2348 placita

136 2391 238 2455 quam
256 2381 376 2448 vestra,
403 2393 463 2436 nos
488 2375 672 2449 vincamus;
694 2381 725 2435 et
750 2375 774 2436 si
793 2375 844 2437 lex
867 2382 971 2437 vestra
988 2375 1088 2454 magis
1105 2374 1207 2435 valeat

121 2499 237 2562 ..qnam
262 2486 390 2554 nost-ra,
408 2500 464 2543 vos
486 2482 637 2555 vincatis,
656 2489 687 2542 et
711 2482 752 2542 sit
774 2501 875 2562 usque
899 2483 931 2542 in
952 2482 1098 2543 ultimum
1120 2480 1205 2540 diem

136 2588 233 2650 victis
246 2587 469 2667 opprobrium,
486 2589 614 2677 invictis
626 2597 732 2650 autem
745 2588 813 2650 laus
828 2596 860 2650 et
872 2589 1024 2650 exultatio
1037 2589 1069 2649 in
1086 2587 1205 2667 sempi-

135 2702 280 2756 ternum.
295 2694 440 2774 Insuper,
457 2695 483 2756 si
499 2714 577 2774 gens
593 2713 664 2756 mea
679 2695 827 2769 vincitur,
841 2714 900 2775 ego
913 2695 1111 2775 baptismum
1125 2693 1207 2754 acci·

136 2782 238 2881 piam,
252 2801 278 2861 si
290 2800 542 2880 viverepossim.
554 2800 694 2873 -Quod
706 2819 745 2862 ex
757 2808 890 2882 utraque
899 2806 989 2881 parte
1003 2799 1294 2888 concediturs

181 2903 293 2964 Statim
306 2902 466 2981 eliguntur
477 2904 588 2982 viginti
601 2904 718 2965 milites
740 2905 905 2965 christiani
925 2904 1079 2964 adversus
1093 2903 1205 2981 viginti

137 3007 259 3068 milites
273 3024 311 3067 ex
325 3007 509 3068 Sarracenis
524 3008 555 3067 in
568 3026 682 3088 campo
700 3008 788 3082 belli,
805 3013 836 3068 et
851 3008 904 3069 tali
925 3014 1019 3087 pacto
1036 3013 1206 3086 coeperunt

139 3113 307 3174 debellari.
319 3111 400 3183 Quid
413 3114 525 3193 plura?
536 3112 624 3174 illico
636 3113 795 3174 interfecti
811 3119 886 3174 sunt
897 3131 1010 3174 omues
1021 3111 1203 3172 Sarraceni.

138 3218 219 3279 lude
245 3220 414 3279 mittuntur
436 3219 646 3298 quadraginta
670 3225 783 3280 contra
807 3218 1037 3298 quadraginta,
1066 3224 1097 3277 et
1119 3217 1205 3298 peri-

141 3333 273 3388 muntur
284 3326 461 3387 Sarraceni.
475 3326 588 3387 Postea
604 3327 772 3387 mittuntur
786 3332 918 3387 centum
934 3331 1045 3387 contra
1063 3330 1204 3398 centum,

140 3441 173 3495 et
187 3433 379 3494 occiduntur
395 3451 507 3494 omnes
533 3432 710 3493 Sarraceni.
726 3431 864 3492 Rursum
885 3432 1055 3492 mittuntur
1075 3435 1204 3492 centum

141 3543 255 3598 eontra
270 3542 417 3610 centum,
435 3543 466 3597 et
481 3536 587 3596 statim
608 3535 768 3614 fugientes
791 3515 877 3596 retro
894 3533 1064 3596 Christiani
1082 3534 1204 3595 interii<
1364 3555 1367 3564 ·

141 3643 282 3716 ciuntur,
298 3641 372 3703 ideo
388 3642 476 3722 quod
498 3642 580 3705 mori
604 3641 753 3703 timentes
774 3640 936 3720 fugerunt.
950 3640 985 3700 Hi
1004 3657 1080 3700 vero
1095 3645 1207 3720 typum
1308 3621 1309 3624 Ἴ

140 3755 257 3830 gerunt
275 3748 465 3810 certantium
487 3747 630 3809 fidelium
651 3746 783 3821 Christi,
797 3747 883 3827 quia,
900 3747 955 3827 qui
975 3764 1035 3826 pro
1057 3744 1114 3806 Dei
1143 3744 1206 3806 hde

141 3855 255 3917 volunt
273 3873 427 3934 pugnare,
447 3854 536 3916 nullo
556 3853 654 3915 modo
678 3853 797 3915 debent
820 3858 906 3914 retro
932 3852 1031 3925 abire,
1048 3852 1140 3912 etsie
1160 3851 1206 3912 ihi

141 3962 216 4024 ideo
231 3959 424 4022 occiduntur
440 3960 514 4040 quia
530 3965 614 4021 retro
628 3959 789 4038 fugerunt.
801 3958 855 4020 Sic
871 3958 986 4019 Christi
1008 3956 1132 4030 fideles
1151 3957 1205 4036 qui
1255 3979 1258 3986 ⁴

141 4067 263 4130 debent
275 4065 401 4127 fortiter
414 4071 525 4127 contra
537 4066 618 4127 vicia
631 4084 786 4145 pugnare,
804 4066 829 4126 si
840 4070 925 4126 retro
940 4063 1060 4125 reversi
1074 4062 1204 4136 fuerint,

141 4175 176 4236 in
199 4173 291 4235 viciis
323 4172 460 4252 turpiter
484 4172 687 4245 moriuntur3
720 4170 776 4233 sed
799 4171 853 4250 qui
880 4170 964 4231 bene
993 4173 1103 4230 contra
1125 4168 1207 4230 vicia
