3042 4942
696 402 887 474 ..50-

729 657 853 728 XXV.

311 852 354 914 ltu
376 871 489 915 umora
512 853 632 915 Tuarnu
654 872 781 917 srisoorr
803 874 839 916 ur
860 874 897 915 nu
921 872 1149 916 exnuxrxrronu
1171 853 1287 914 Kxaocr

618 976 709 1020 suren
735 958 971 1021 Roruoxxnuun.

305 1172 388 1244 Quid
402 1174 516 1253 plural
538 1173 619 1234 Dum
639 1174 723 1236 beati
740 1175 933 1237 Rotholandi
957 1177 1063 1237 anima
1084 1177 1186 1236 exiret
1201 1173 1240 1234 de
1257 1193 1333 1234 cor··

266 1296 355 1358 pore,
372 1285 403 1339 et
418 1297 477 1357 ogo
492 1279 651 1358 Turpinus
667 1281 699 1340 in
716 1281 797 1341 valle
811 1281 929 1355 Karoli,
952 1282 1026 1342 loco
1040 1280 1187 1362 praefatu,
1207 1285 1333 1340 astante

266 1402 353 1462 rege,
371 1384 596 1446 defunctorum
610 1387 740 1446 missam
753 1386 869 1447 eodem
882 1387 946 1460 die,
963 1388 1087 1448 scilicet
1100 1385 1332 1452 sextodecimo

248 1487 424 1560 ,Kalendas
443 1489 525 1563 tulii,
551 1490 760 1564 celebrarem,
788 1497 897 1570 raptus
913 1492 946 1551 in
964 1491 1063 1551 extasi
1079 1489 1186 1550 audivi
1212 1489 1332 1548 choros

266 1593 298 1654 in
314 1594 486 1656 celestibus
510 1601 686 1656 cantantes.
712 1597 867 1675 Ignorans
884 1597 961 1676 quid
985 1597 1047 1657 hoc
1072 1601 1167 1664 esset,
1191 1611 1332 1673 cumque

267 1701 320 1762 alii
335 1700 374 1761 ad
397 1701 545 1762 sublimia
560 1703 744 1776 transirent,
767 1721 843 1766 ecce
858 1709 933 1782 post
954 1709 1079 1782 tergum
1094 1709 1251 1762 tetrorum
1270 1701 1332 1760 rni-

267 1808 358 1868 litum
374 1806 523 1886 phalanx,
543 1809 634 1888 quasi
649 1809 688 1869 de
704 1816 796 1888 raptu
823 1809 952 1870 rediens
978 1809 1186 1889 praedamque
1210 1808 1330 1880 ferenS,

267 1918 339 1973 ante
368 1930 420 1972 me
450 1913 613 1985 transivit,
647 1913 698 1973 cui
729 1913 837 1974 subito
865 1913 961 1974 dixi:
996 1913 1079 1984 Quid
1108 1913 1220 1973 fertis?
1247 1913 1330 1985 Nos,

268 2018 429 2098 inquiunt,
445 2017 611 2078 Marsirum
625 2026 792 2098 portamus
809 2019 849 2080 ad
863 2018 1008 2080 inferna:
1025 2019 1202 2080 tubicinem
1227 2019 1332 2078 virum

268 2141 341 2184 cum
356 2124 465 2184 multis
479 2125 611 2186 ltliclrael
621 2125 683 2186 fert
699 2125 738 2186 ad
757 2145 907 2205 superna.
923 2126 1022 2200 Tunc,
1040 2127 1138 2186 missa
1158 2125 1330 2197 celebrata,

268 2228 331 2290 dixi
362 2230 488 2290 concite
516 2231 600 2309 regi:
632 2231 804 2304 veraciter,
830 2249 896 2304 rex,
926 2231 1009 2292 scias
1035 2231 1109 2310 qnia
1136 2229 1333 2291 Rotholandi

269 2335 408 2396 animam
420 2354 492 2397 curn
505 2337 613 2397 multis
623 2337 791 2397 animabus
804 2337 940 2398 aliorum
953 2337 1206 2398 Christianorum
1218 2335 1332 2396 heatus

267 2442 399 2504 hliulrael
430 2443 639 2522 archangelus
673 2445 803 2505 deducit
831 2445 862 2504 in
894 2444 1016 2517 celum,
1052 2444 1109 2504 sed
1140 2461 1202 2520 qua
1228 2448 1332 2502 morte

268 2555 413 2611 mortuus
429 2555 476 2610 est
491 2568 622 2628 prorsus
637 2551 761 2629 ignoro.
780 2550 842 2627 Sed
856 2556 887 2610 et
899 2550 1063 2611 daemones
1079 2549 1248 2610 cuiusdam
1265 2549 1331 2628 spi-

269 2653 364 2714 ritum
378 2653 508 2714 llarsirii
534 2672 607 2715 curn
631 2653 798 2714 animabus
814 2654 988 2715 multorum
1013 2653 1190 2714 infidelium
1216 2652 1255 2712 ad
1280 2654 1331 2712 in-

270 2758 384 2819 cendia
404 2759 593 2837 gehennalia
606 2758 723 2819 ferunt.
746 2794 784 2802 —
805 2759 885 2820 Dum
901 2759 970 2820 haec
990 2759 1143 2833 dicerem,
1169 2777 1244 2819 ecce
1257 2759 1329 2818 Ral-

270 2863 387 2924 duinus
416 2881 512 2943 super
542 2882 661 2942 equum
690 2863 902 2935 Rotholandi,
931 2864 985 2942 qui
1016 2863 1124 2923 omnia
1152 2881 1223 2942 quae
1249 2863 1334 2922 facta

270 2969 407 3044 fuerant,
425 2975 456 3030 et
475 2968 716 3030 Rotholandum
732 2970 763 3028 in
783 2969 896 3047 agonia
919 2970 1060 3048 positum
1082 2971 1170 3029 iuxta
1192 2969 1333 3048 lapidem

271 3075 304 3136 in
322 3083 431 3137 monte
448 3095 480 3137 se
504 3075 676 3149 dimisisse,
707 3074 800 3135 nobis
829 3075 997 3135 enarravit.
1024 3074 1099 3135 Post
1122 3092 1180 3153 per
1203 3092 1334 3134 omnent

271 3179 447 3239 exercitum
471 3176 727 3238 exclamantibus
753 3177 904 3237 omnibns
930 3183 1080 3256 retroque
1108 3175 1331 3248 redeuntibus

272 3283 395 3343 invenit
408 3283 496 3362 prius
523 3282 656 3342 Karalus
676 3281 912 3343 Rotholandnrn
931 3283 1146 3342 exanimatum
1162 3282 1333 3354 iacentem,

272 3405 433 3460 eversum,
448 3386 589 3448 brachiis
605 3405 701 3466 supra
721 3391 833 3466 pectus
850 3386 883 3445 in
900 3386 1004 3465 effigie
1029 3387 1133 3447 crucis
1156 3386 1280 3465 positis,
1304 3392 1336 3446 et

271 3495 396 3554 irruens
421 3509 612 3571 supereum
637 3492 735 3571 coepit
762 3491 942 3552 lacrimosis
964 3482 1136 3570 gemitibus
1157 3496 1189 3550 et
1209 3489 1334 3567 singul-

273 3600 360 3661 tibus
380 3597 700 3678 incomparabilibus,
726 3597 937 3678 suspiriisque
960 3595 1260 3668 innumerabilibus,
1284 3596 1335 3656 lu-

272 3722 359 3786 gere,
384 3721 498 3763 manus
513 3702 732 3781 complodere,
757 3701 871 3762 taciem
896 3720 986 3762 suam
1010 3701 1138 3780 ungulis
1166 3699 1333 3771 dilaniare,

272 3812 406 3874 barbam
425 3817 457 3872 et
474 3810 607 3890 capillos
622 3811 751 3884 vellere,
769 3816 800 3870 et
821 3809 901 3870 dixit
921 3810 994 3870 altis
1019 3810 1107 3870 sonis
1125 3826 1282 3869 moerens:
1309 3807 1334 3868 Ο

273 3917 442 3979 brachium
454 3916 601 3977 dextrum
617 3915 774 3996 corporis,
790 3916 865 3988 mei,
879 3915 980 3976 barba
993 3916 1125 3994 optima,
1142 3914 1240 3974 decus
1262 3914 1335 3974 Gal·
1358 3959 1362 3968 .

274 4024 390 4096 lorum,
408 4027 495 4102 spata
516 4021 657 4093 iustitiae,
680 4020 770 4080 hasta
794 4019 989 4091 intlexibilis,
1006 4019 1106 4079 lorica
1126 4017 1332 4090 inviolabilis,

274 4129 364 4210 galea
393 4127 590 4200 salvationis
620 4125 706 4186 ludae
735 4125 907 4186 Machabeo
933 4124 1092 4203 probitate
1117 4129 1333 4201 comparatus,
