3042 4942
713 445 907 514 ..12-

277 589 482 663 exercitibus,
500 589 661 650 mandavit
675 586 872 668 Aigolandus
885 589 1000 651 Karolo
1011 589 1143 663 bellum,
1159 589 1342 650 secundum

277 695 358 755 velle
376 713 480 768 suum,
494 693 543 754 vel
558 695 668 773 viginti
683 701 794 755 contra
806 694 928 773 viginti,
944 694 991 754 vel
1004 695 1214 774 quadraginta
1227 701 1342 755 eontra

277 797 498 879 quadraginta,
515 798 567 859 vel
591 805 720 859 centum
744 804 857 860 contra
881 804 1022 872 eentum,
1044 799 1095 860 vel
1116 799 1203 860 mille
1227 804 1342 860 eontra

276 905 374 978 mille,
392 905 443 966 vel
458 903 523 965 duo
539 910 650 968 contra
667 904 743 978 duo,
760 905 811 966 vel
836 923 936 966 unum
959 912 1071 966 contra
1085 924 1197 966 unum.
1215 905 1340 986 interea

277 1009 364 1070 missi
376 1015 450 1070 sunt
464 1028 480 1069 a
493 1008 609 1070 Karolo
619 1014 748 1071 centum
758 1009 876 1070 milites
890 1015 1002 1070 contra
1013 1014 1143 1070 centum
1155 1009 1338 1088 Aigolandi,

276 1121 307 1174 et
320 1112 478 1174 interfecti
494 1118 569 1173 sunt
582 1111 759 1173 Sarraceni.
777 1113 899 1176 Deinde
919 1113 1089 1174 mittuntur
1103 1113 1142 1175 ab
1158 1114 1338 1192 Aigolando

277 1218 328 1280 alii
340 1224 470 1279 centum
484 1223 597 1278 contra
609 1223 750 1292 centum,
768 1225 799 1279 et
813 1217 973 1280 interfecti
985 1226 1060 1281 sunt
1071 1218 1249 1281 Sarraceni.
1261 1219 1339 1281 Inde

275 1324 362 1385 misit
373 1323 570 1402 nigolandus
582 1322 739 1385 ducentos
758 1331 869 1385 contra
884 1324 1052 1399 ducentos,
1070 1331 1101 1385 et
1113 1325 1219 1386 statim
1239 1325 1337 1386 occisi

276 1435 350 1491 sunt
359 1447 471 1491 omnes
481 1429 1216 1510 Mauri.Demumdigolandusmisitduomillia
1227 1437 1339 1492 contra

275 1535 340 1598 duo
349 1534 459 1609 miliia,
469 1553 606 1615 quorum
618 1554 692 1617 pars
701 1535 848 1615 quaedam
860 1537 1018 1598 occiditur
1029 1555 1166 1617 parsque
1178 1537 1239 1597 alia
1249 1541 1339 1614 terga

274 1642 379 1703 vertit.
402 1640 505 1703 Tertia
526 1660 602 1703 vero
627 1642 678 1703 die
699 1643 793 1704 eiecit
814 1649 917 1704 sortes
935 1643 1133 1722 Aigolandus
1157 1649 1291 1716 secrete,
1307 1648 1339 1702 et

274 1747 405 1826 agnovit
422 1745 528 1808 Karoli
541 1746 780 1820 detrimentum,
796 1753 829 1808 et
843 1748 1007 1809 mandavit
1023 1749 1052 1808 ei
1067 1754 1102 1808 ut
1115 1765 1256 1828 pugnarn
1269 1747 1338 1827 ple-

273 1851 397 1912 nariam
408 1869 481 1912 oum
489 1869 528 1912 eo
537 1851 683 1930 sequenti
698 1850 750 1912 die
758 1851 889 1926 faceret,
901 1853 927 1913 si
940 1851 1050 1926 vellet;
1061 1871 1132 1932 quae
1146 1852 1185 1912 ab
1201 1857 1337 1932 utroque

274 1977 428 2020 concessa
443 1964 501 2019 est.
522 1957 610 2019 Tunc
625 1958 793 2022 astiterunt
809 1958 940 2038 quidam
954 1977 971 2020 e
985 1959 1179 2050 christianis
1194 1960 1249 2040 qui
1266 1978 1337 2021 sero

173 2115 177 2122 .
274 2067 345 2122 ante
362 2062 447 2123 diem
462 2061 538 2122 belli
554 2081 641 2124 arma
653 2062 770 2124 bellica
782 2083 838 2124 sua
854 2063 1090 2136 studiosissime
1104 2072 1335 2145 praeparantes,

272 2168 379 2228 hastas
401 2187 474 2229 suas
498 2175 620 2230 erectas
641 2169 815 2230 infixerunt
829 2171 862 2230 in
876 2177 960 2232 terra
974 2177 1047 2232 ante
1059 2177 1163 2233 eastra
1177 2173 1209 2232 in
1223 2173 1335 2252 pratis,
1420 2225 1424 2234 .

274 2269 423 2332 videficet
436 2271 524 2332 iuxta
538 2270 707 2351 praefatum
719 2273 864 2347 fluvium,
880 2293 959 2354 quas
981 2293 1107 2337 summo
1121 2293 1215 2336 mane
1238 2275 1336 2339 corti-

273 2375 364 2436 cibus
381 2381 412 2448 et
427 2374 598 2438 frondibus
621 2377 788 2440 decoratas
803 2379 1007 2454 invenerunt,
1029 2381 1062 2442 hi
1082 2381 1206 2442 scilicet
1228 2381 1282 2461 qui
1302 2381 1336 2442 in

273 2481 340 2543 acie
355 2482 503 2563 proxima
517 2482 651 2545 martirii
663 2483 802 2563 palmam
817 2503 876 2565 pro
888 2486 945 2547 Dei
960 2486 1023 2547 fide
1049 2487 1213 2567 accepturi
1228 2492 1335 2562 erant;

272 2593 304 2648 et
316 2587 399 2649 ultra
415 2607 511 2668 quam
523 2589 586 2650 dici
608 2590 656 2651 fas
671 2596 719 2650 est
736 2591 942 2666 admirantes,
965 2597 1153 2673 tantumque
1167 2593 1225 2655 bei
1241 2595 1335 2655 mira·

272 2691 379 2753 culum
403 2693 512 2771 gratiae
538 2693 655 2755 divinae
680 2686 906 2770 asscribentes,
926 2695 1134 2758 absciderunt
1150 2716 1204 2759 eas
1233 2716 1335 2778 prope

271 2802 400 2872 terram,
413 2805 445 2859 et
466 2798 591 2860 radices
610 2819 680 2880 quae
704 2808 928 2862 remanserunt
952 2801 985 2862 in
1004 2802 1131 2877 tellure,
1148 2803 1180 2863 in
1201 2803 1336 2865 modurn

271 2905 477 2986 perticarum,
493 2924 532 2967 ex
546 2925 579 2967 se
595 2925 710 2985 magna
725 2913 836 2987 postea
850 2915 1084 2987 generaverunt
1099 2909 1240 2984 arbusta,
1262 2930 1334 2991 quae

219 3023 221 3030 ’
271 2996 376 3073 adhuc
389 3012 421 3072 in
436 3011 491 3073 illo
506 3011 579 3074 loco
591 3021 755 3092 apparent.
768 3012 865 3074 Erant
876 3015 962 3075 enirn
973 3015 1101 3076 illorum
1113 3016 1222 3077 multae
1233 3017 1334 3078 hastae

272 3118 311 3178 de
324 3118 418 3197 lignis
432 3117 595 3179 fraxineis.
608 3117 684 3178 Mira
696 3137 758 3192 reS,
775 3137 990 3200 magnumque
1004 3119 1168 3199 gaudium,
1183 3141 1334 3202 magnum

272 3223 439 3284 animabus
455 3223 647 3303 proficuum,
668 3224 847 3304 ingensque
872 3226 1064 3306 corporibus
1084 3226 1332 3304 detrimentum!
1416 3245 1418 3250 ·

272 3328 353 3400 Quid
369 3329 461 3409 plura
475 3332 489 3390 t
503 3329 560 3391 Die
583 3348 658 3390 vero
681 3330 735 3391 illa
756 3332 858 3410 agitur
874 3338 1085 3415 utrorumque
1099 3353 1207 3414 pugna
1226 3336 1334 3414 inqua

272 3435 371 3496 occisi
387 3433 682 3514 suntquadraginta
698 3435 947 3498 christianorum
969 3437 1083 3513 millia;
1105 3445 1136 3500 et
1160 3439 1225 3500 dux
1246 3438 1331 3514 Milo,

272 3540 468 3603 Rotholandi
480 3541 616 3621 genitor,
638 3560 711 3602 cum
723 3541 773 3603 his
788 3561 926 3621 quorum
937 3544 1036 3605 lrastae
1047 3544 1273 3620 fronduerunt,
1287 3545 1333 3606 ibi
1368 3549 1372 3555 '

270 3646 410 3728 palmam
423 3647 556 3710 martirii
569 3647 704 3728 adeptus
717 3653 777 3722 est,
791 3653 822 3710 et
833 3625 942 3710 Karoif
954 3668 1056 3730 equus
1070 3657 1256 3732 peremptus
1270 3657 1331 3714 est.

270 3753 1334 3835 TuncKarolusstanspedescumduobusmillibusolrristianorum

268 3860 414 3941 pediturn
439 3861 472 3921 in
498 3859 605 3922 medio
631 3860 707 3922 belli
729 3859 979 3923 Sarracenorum
1002 3863 1182 3942 evaginavit
1208 3870 1332 3944 spatam

179 4051 180 4054 Ἴ
271 3985 361 4028 suam
372 3966 503 4028 nomine
515 3964 1054 4029 Gaudiosamettrucidavitmultos
1064 3967 1259 4030 Sarracenos
1274 3987 1332 4049 per

270 4073 424 4136 medium.
448 4072 505 4134 bie
521 4088 598 4134 vero
622 4070 909 4150 advesperascente
923 4079 1091 4135 vertuntur
1112 4073 1279 4136 Sarraceni
1300 4081 1333 4137 et

270 4155 439 4272 dirristiani
450 4178 452 4184 '
464 4178 496 4238 in
512 4177 636 4238 castris.
658 4175 765 4238 Altera
780 4175 1009 4243 die,venerunt
1022 4179 1062 4239 ad
1076 4180 1331 4244 succurrendum
