3042 4942
286 494 427 574 graphia
440 493 571 559 codices
582 493 636 573 qui
644 493 740 573 primi
749 494 833 556 inter
843 499 969 554 ceteros
980 492 1150 566 habentur,
1162 494 1353 557 ostendunt.

286 599 498 679 Ortcgrapbia
508 605 561 672 ¹est
573 598 707 662 scientia
718 605 803 660 recte
819 598 994 671 scribendi,
1015 617 1088 662 narn
1102 605 1173 660 arta
1183 617 1290 678 graece
1303 599 1354 660 di-

286 705 368 769 citur
382 709 489 776 rectus
503 703 612 776 latine,
635 702 768 782 graphia
785 703 956 782 scriptura
977 702 1037 766 Per
1054 703 1138 768 hanc
1161 710 1262 768 artem
1287 704 1354 766 lee-

286 809 420 877 toraa'in
433 807 550 873 Sancta
560 806 722 880 Ecclesia,v
734 825 805 888 quae
823 807 945 886 legunt,
964 807 1164 886 intelligunt3
1180 827 1279 889 quam
1297 809 1354 890 qui

191 929 197 938 ·
284 915 422 992 ignorat,
437 911 611 974 lectionem
623 909 754 991 quidem
767 909 855 989 legit,
871 909 928 970 sed
939 910 1081 990 plenarie
1099 911 1232 972 minime
1255 911 1353 976 intel-

285 1019 366 1099 ligit,
390 1018 474 1086 sieut
489 1018 544 1098 qui
563 1015 742 1078 nonhabet
759 1015 900 1080 thesauri
925 1015 1059 1090 clavem,
1084 1022 1116 1078 et
1139 1018 1243 1080 nescit
1262 1019 1353 1100 quod

286 1125 373 1190 intus
397 1123 486 1186 latet.

324 1254 369 1314 lle
392 1252 519 1336 llusica.
544 1288 582 1298 -
601 1253 719 1315 Musica
740 1253 785 1314 ibi
810 1252 937 1332 depicta
964 1258 1023 1326 est,
1051 1259 1191 1333 quaeest
1212 1256 1351 1320 scientia

285 1359 368 1420 bene
387 1363 418 1419 et
437 1364 523 1420 reela
545 1359 708 1432 cantandi,
736 1377 798 1438 qua
825 1359 920 1419 etiarn
939 1358 1047 1419 divina
1064 1359 1217 1422 Eccleslae
1242 1361 1351 1423 officia

286 1463 490 1525 celebrantur
507 1469 539 1524 et
556 1463 760 1536 decorantur,
784 1463 870 1524 unde
892 1463 996 1524 carior
1017 1463 1164 1527 babetur.
1188 1465 1254 1548 llac
1270 1485 1349 1528 veru

285 1573 353 1628 arte
374 1574 522 1630 cantares
543 1567 576 1628 in
595 1567 731 1629 ecclesia
755 1573 875 1628 canunt
898 1573 930 1628 et
949 1568 1144 1646 organizant.
1169 1567 1271 1640 Quam
1294 1571 1348 1650 qui

283 1676 421 1753 ignerat,
437 1693 527 1738 more
548 1673 679 1756 quidem
699 1675 793 1736 bovis
816 1675 927 1748 ululat,
941 1673 997 1735 sed
1020 1693 1134 1736 vocum
1152 1676 1305 1738 modulos
1318 1683 1350 1737 et

283 1779 403 1857 gradus
416 1780 552 1859 ignorat.
568 1778 658 1839 Sicut
677 1779 730 1858 qui
752 1779 786 1838 in
807 1795 1002 1858 pergameno
1021 1784 1104 1840 torta
1122 1778 1232 1858 regula
1246 1779 1349 1844 lineas

283 1877 371 1960 facit,
389 1887 435 1948 sic
455 1904 566 1948 vocem
581 1903 671 1946 suam
687 1885 814 1945 emittit.
830 1884 890 1946 Per
906 1885 989 1946 hanc
1009 1886 1106 1946 etiam
1126 1891 1227 1946 artem
1244 1886 1348 1948 David

283 2009 357 2053 curn
373 1992 470 2053 sociis
496 1991 562 2052 suis
584 1991 616 2050 in
637 1990 789 2070 psalterio
811 1990 992 2052 decacorde
1006 1997 1037 2050 et
1057 1990 1190 2063 cithara,
1211 1991 1244 2050 in
1259 1991 1348 2052 tubis

284 2095 461 2157 ductilibus
480 2101 511 2154 et
530 2093 702 2174 cymbalis,
718 2095 749 2154 in
769 2094 913 2173 timpano
928 2099 959 2154 et
974 2093 1074 2154 choro
1090 2098 1120 2154 et
1133 2111 1253 2172 organo
1269 2094 1346 2155 olim

283 2197 402 2260 ceclrrit
422 2196 575 2276 psalmos.
599 2195 714 2257 Omnia
734 2197 932 2258 musicorum
949 2185 1167 2258 'instrumenta
1191 2197 1346 2276 perhanc

282 2303 366 2364 facta
393 2302 493 2364 fuere.
525 2301 600 2363 llaec
630 2320 706 2363 veru
731 2321 782 2363 ars
810 2301 849 2362 ab
878 2302 1031 2381 angelicis
1051 2302 1186 2363 vocibus
1206 2308 1239 2362 et
1269 2321 1345 2379 cau·

282 2409 368 2471 tibus
386 2409 539 2471 divinitus
555 2410 588 2470 in
606 2409 699 2469 initio
719 2409 805 2470 edita
824 2408 895 2470 fuit.
917 2407 994 2480 Quis
1011 2427 1087 2488 ergo
1107 2408 1232 2470 dubitat
1247 2429 1346 2472 voces

282 2515 465 2578 canentium
487 2513 688 2576 antechristi
712 2514 810 2574 altare
831 2515 862 2574 in
883 2514 1020 2575 ecclesia
1044 2513 1160 2576 devota
1180 2514 1344 2577 alacritate

281 2621 414 2683 emissas
437 2619 590 2699 angelicis
612 2619 746 2680 vocibus
768 2620 892 2680 incelis
913 2619 1119 2680 ammisceril
1137 2619 1188 2680 Ait
1205 2637 1345 2700 namque
1374 2700 1379 2708 Ι

280 2727 363 2788 liber
374 2731 647 2787 sacramentorum
663 2725 724 2785 sic:
744 2725 821 2786 Cum
835 2725 963 2804 quibus,
979 2725 1012 2786 id
1024 2732 1073 2786 est
1085 2725 1301 2804 cumangelis,
1314 2731 1346 2786 et

281 2836 407 2893 nostras
427 2847 522 2892 vocas
543 2836 578 2894 ut
597 2829 720 2890 admitti
740 2829 851 2890 iubeas
864 2829 1085 2910 deprecamur.
1101 2865 1140 2874 -—-
1153 2829 1187 2889 ln
1202 2829 1262 2890 hac
1278 2836 1344 2891 arte

280 2956 395 3017 magna
423 2941 622 2997 sacramenta
647 2954 824 3014 magnaque
848 2935 989 2996 misteria
1015 2936 1230 2996 continentur.
1264 2935 1343 2997 Nam

280 3049 418 3122 quatuor
437 3042 529 3102 lineae
550 3041 668 3121 quibus
692 3041 854 3114 scribitur,
869 3046 901 3101 et
915 3046 989 3102 ccto
1009 3041 1077 3101 toni
1099 3039 1217 3120 quibus
1243 3041 1344 3102 conti·

280 3150 386 3221 netur,
402 3153 540 3227 quatuor
562 3147 710 3220 virtutes,
726 3145 931 3226 prudentiam
949 3146 1083 3220 scilicet,
1105 3146 1340 3220 fortitudinem,

279 3251 540 3330 temperantiam,
569 3257 600 3311 et
626 3250 796 3322 iustitiam,
825 3255 857 3310 et
881 3255 954 3310 octo
980 3248 1196 3310 beatitudines
1224 3249 1341 3328 quibus

161 3410 163 3414 .
279 3354 384 3415 anima
398 3359 508 3438 nostra
523 3354 666 3414 munitur
681 3359 712 3413 et
726 3352 1106 3431 decoratu1‘‚'designant.

318 3484 362 3545 De
377 3483 550 3544 Dialectica
563 3487 640 3544 arte.
656 3483 877 3544 —llialectica
895 3483 926 3543 in
945 3483 1015 3544 aula
1034 3484 1119 3562 regis
1139 3482 1268 3562 depicta
1279 3490 1339 3557 est,

278 3609 349 3672 quae
361 3589 577 3650 docetverum
593 3588 700 3650 afalso
722 3588 918 3664 discernere,
945 3579 1109 3668 disputare
1132 3588 1172 3650 de
1189 3588 1290 3650 verbo
1308 3595 1340 3650 at

278 3696 455 3759 sentencia.

317 3828 361 3888 lle
372 3833 438 3889 arte
450 3825 633 3888 Rethcrica.
646 3859 685 3869 —
699 3824 871 3908 Rethorica
890 3825 992 3886 eciam
1011 3844 1082 3906 quae
1095 3825 1338 3900 convenienter,

276 3932 402 4014 placide
416 3937 448 3993 et
459 3937 545 3994 recte
557 3929 652 3991 dccet
662 3929 762 4010 loqui.
783 3928 903 3991 lllretos
918 3947 1021 4008 graece
1036 3929 1154 3992 dicitur
1165 3927 1335 3992 facundus.

228 4101 231 4106 ,
276 4037 388 4098 Verbis
398 4038 484 4140 enim
496 4035 671 4100 facundum
683 4041 715 4096 et
727 4035 931 4115 eloquentem
944 4053 994 4096 ars
1009 4035 1128 4096 reddit.
