3042 4942
688 420 881 501 „62-

251 573 336 662 apud
350 571 544 660 mogontiam
559 579 599 659 (l)
616 577 739 658 septem
755 580 914 640 annornm
935 563 1039 658 'spatie
1063 581 1186 660 ingenti
1203 582 1312 644 studio

252 701 349 765 supra
377 685 512 746 fluvium
545 683 626 745 Reni
649 681 880 756 aedificaverat,
908 683 1060 746 incendio
1084 683 1233 747 lllndltus
1255 702 1314 766 per

251 792 461 873 semetipsum
486 795 698 870 consumptus
720 789 821 852 luisse
847 790 975 852 dicitur.
1004 791 1148 872 Cumque
1171 793 1243 872 lpse
1273 793 1336 875 de

250 898 324 959 loco
345 896 385 958 ed
402 896 511 974 locum
534 894 586 956 dic
607 893 745 974 quadam
764 900 922 974 pergeret,
940 895 1049 957 subito
1068 896 1140 958 dies
1155 902 1224 958 atra
1242 897 1312 959 elli-

250 1001 345 1074 cilur,
362 1005 394 1062 et
414 999 543 1060 llamme
556 998 663 1077 magni
684 999 753 1077 rogi
776 1017 792 1058 a
812 1001 903 1078 parte
926 999 1056 1061 dextera
1070 1009 1183 1063 versus
1197 1003 1313 1064 laevam

150 1093 155 1103 ¹
251 1111 323 1168 ante
345 1106 415 1166 eius
430 1104 543 1166 oculos
558 1105 671 1165 leviter
687 1104 882 1184 pertransiit,
901 1105 987 1166 unde
1011 1106 1079 1186 ipse
1100 1106 1194 1168 valde
1214 1097 1313 1188 parc-

249 1211 354 1272 factus
373 1211 593 1290 attonitusque
613 1206 647 1270 in
667 1209 798 1270 alteram
817 1216 941 1289 partem
963 1211 1003 1272 de
1022 1230 1106 1292 equo
1128 1212 1266 1288 cecidit,
1284 1221 1315 1276 et

250 1335 390 1412 ancona,
416 1332 512 1396 qnam
539 1315 798 1389 manutenebat,
823 1316 989 1378 in-allsm.
1020 1317 1110 1380 lllico
1134 1320 1215 1380 socii
1244 1321 1313 1382 cius
1345 1397 1347 1400 Υ

152 1427 158 1442 “
250 1429 480 1496 occurrerunt,
505 1418 537 1484 et
559 1423 710 1484 manibus
735 1431 809 1484 eum
830 1443 847 1484 a
869 1429 955 1484 terra
976 1424 1193 1486 elevaverunt.
1220 1414 1313 1488 Nunc

249 1531 346 1610 igitur
376 1530 468 1590 illunl
494 1545 565 1590 essa
594 1529 785 1608 participem
811 1530 845 1590 in
876 1546 996 1592 corona
1023 1534 1200 1612 martyrum
1226 1539 1311 1612 prae-

249 1635 391 1697 fatorum
407 1635 585 1709 credimus,
612 1653 750 1715 quorum
776 1635 904 1697 labores
928 1634 1018 1701 illum
1037 1653 1111 1698 cum
1133 1637 1180 1699 eis
1203 1643 1312 1701 sustu=

250 1741 327 1803 lisse
342 1741 476 1802 scimus.

229 1841 231 1846 ’
290 1846 325 1908 ln
340 1847 404 1909 hoc
425 1862 502 1926 ergo
522 1846 670 1926 exemplo
692 1846 786 1908 datur
803 1847 937 1927 intelligi
959 1847 1045 1928 quod
1061 1849 1116 1928 qui
1133 1847 1311 1913 'ecclesiam

250 1952 388 2015 aedilicat
408 1971 544 2031 regnum
561 1952 616 2013 Dei
638 1951 700 2013 sibi
719 1959 889 2033 preparat,
913 1973 930 2014 a
952 1954 1166 2028 demonibus,
1190 1961 1227 2017 ut
1252 1955 1311 2018 lla-

249 2057 357 2131 rolus,
382 2057 528 2136 eripitur,
562 2063 595 2117 et
619 2057 652 2117 in
683 2055 793 2118 celesti
817 2076 917 2136 regno
947 2059 1100 2121 subsidiis
1124 2067 1310 2123 sanctolum

250 2181 388 2244 quorum
402 2161 542 2224 aedificat
552 2161 715 2238 basilicas,
733 2163 921 2225 collocatur.

690 2422 871 2494 XXXIII.

250 2659 295 2720 ΒΕ
322 2675 470 2721 muscoso
498 2658 693 2721 lloruomunr
719 2673 833 2719 comus
853 2673 932 2726 ouon
954 2675 1031 2719 mun
1053 2675 1152 2719 onaan
1178 2657 1310 2720 Garru-

360 2782 487 2827 uorouns
507 2764 590 2826 Dsus
612 2781 667 2824 rsa
688 2781 750 2825 suu
770 2779 881 2825 escaus
902 2781 1048 2826 prensans
1067 2781 1121 2826 ssa
1144 2763 1196 2844 (2).

291 2989 354 3052 Sed
374 2989 468 3052 valde
491 2989 625 3069 dignum
643 2994 691 3050 est
712 2993 747 3050 ut
766 2989 851 3050 inter
872 2994 979 3050 cetera
997 2988 1037 3050 ad
1059 2987 1188 3050 Domini
1209 2988 1312 3050 nostrl

250 3095 322 3159 lesu
337 3085 431 3158 Cristi
448 3096 548 3158 decus
561 3100 732 3157 revocetur
746 3093 787 3156 ad
805 3094 991 3156 memoriam
1010 3094 1203 3156 miraculum
1223 3095 1312 3174 quod

239 3221 309 3283 pro
325 3201 421 3264 beato
440 3201 648 3264 Rotholando
673 3199 750 3262 dum
770 3200 876 3262 adhuc
894 3200 1027 3274 viveret,
1051 3207 1123 3260 ante
1149 3213 1246 3280 quam
1266 3201 1313 3261 in-

250 3305 439 3386 grederetur
461 3305 661 3385 Hispaniam,
687 3311 722 3366 ut
740 3304 853 3377 fertur,
877 3303 1033 3366 Dominus
1054 3302 1207 3365 ostendit.
1233 3302 1312 3365 Cum

286 3498 320 3568 (l)
340 3503 372 3552 39
387 3517 394 3551 :
410 3503 612 3568 nungentum,
635 3508 704 3555 lla:
724 3507 899 3570 magontiam.
920 3533 950 3544 ··
973 3509 1011 3558 La
1031 3507 1216 3560 construction
1230 3506 1263 3558 de
1282 3519 1312 3558 oe

252 3596 319 3658 pont
334 3593 418 3644 forme
433 3608 470 3644 un
489 3591 598 3660 episode
618 3597 766 3662 important
780 3597 813 3648 de
828 3598 853 3649 la
871 3599 991 3648 Cltonson
1004 3600 1047 3650 des
1064 3599 1182 3658 Soanos,
1199 3599 1312 3650 CLVlll·

251 3687 362 3750 CLXVI,
383 3688 428 3754 qui
451 3688 553 3740 semble
572 3703 624 3740 une
646 3688 788 3742 alteration
807 3691 840 3742 de
859 3692 885 3742 la
899 3692 1026 3744 tradition
1050 3686 1190 3758 rapporlte
1205 3691 1274 3743 dans
1287 3691 1313 3742 la

252 3783 315 3833 note
329 3780 464 3831 salvante.

284 3872 320 3941 (2)
338 3871 505 3938 J'emprunle
526 3871 542 3924 ὲ
564 3875 598 3924 M.
621 3876 720 3925 Gaston
743 3876 816 3924 Paris
838 3875 922 3940 (Hist.
946 3872 1018 3939 poet.
1044 3875 1077 3927 de
1101 3877 1311 3944 charlemagne,

249 3981 276 4031 p.
291 3965 425 4034 sss-ast)
440 3981 493 4018 une
513 3968 624 4018 sitation
639 3966 671 4018 de
691 3967 717 4017 la
735 3967 1021 4033 Karlamopmls-Sapa
1041 3970 1189 4033 (1,45-47)
1209 3969 1243 4022 οὺ
1256 3969 1311 4025 l'on

251 4059 415 4125 al’original
430 4059 467 4111 du
479 4056 546 4111 rdolt
559 4059 626 4110 latin
641 4075 647 4109 :
663 4075 676 4106 (ι
692 4059 812 4110 Pendeat
827 4073 879 4125 qua
891 4059 1086 4126 charlemagne
1095 4052 1312 4114 'revientd’ltalie

252 4167 285 4203 cn
300 4155 415 4216 Franco,
432 4153 535 4205 Roland
551 4157 578 4204 et
592 4153 689 4204 Ollvier
707 4155 772 4204 vont
786 4167 850 4204 avec
865 4155 941 4220 vingt
962 4155 1034 4206 mille
1054 4155 1174 4207 hommes
1194 4151 1313 4220 assidger
