3042 4942
609 413 802 485 „ffl-

665 715 750 786 XX.

387 946 432 1007 DE
454 965 585 1010 censorin
611 967 648 1010 m*
674 967 868 1012 Fourlruumu
895 949 1020 1012 Knnonl.

212 1190 255 1250 Et
266 1190 334 1251 erat
345 1209 404 1251 rex
419 1191 552 1253 Karalus
571 1193 694 1273 capillis
709 1191 833 1255 brunus
845 1193 898 1273 (l),
917 1193 999 1255 facie
1015 1193 1146 1269 rubeus,
1164 1213 1236 1256 cor·

169 1313 255 1375 pore
269 1295 405 1357 decorus
420 1300 452 1358 et
462 1303 627 1373 venustus,
641 1298 699 1359 sed
714 1298 785 1374 visu
796 1297 925 1360 efferus.
941 1297 1155 1360 Staturavcrc
1166 1299 1237 1360 eius
1273 1316 1277 1322 ·

171 1406 246 1461 erat
263 1401 299 1460 in
318 1401 519 1480 longitudine
535 1409 608 1465 actu
626 1402 747 1483 padum
763 1417 914 1478 sucrum,
932 1404 1056 1466 scilicet
1073 1405 1129 1484 qui
1146 1409 1237 1466 erunt

171 1506 374 1586 longissimi3
392 1507 610 1588 amplissimus
626 1508 769 1582 renibus,
784 1513 894 1570 ventre
909 1525 1083 1588 congruus,
1096 1509 1238 1570 brachiis

171 1622 207 1677 et
222 1613 373 1677 cruribus
388 1629 540 1694 grossus,
568 1615 719 1678 omnibus
744 1615 877 1677 artubus
895 1615 1110 1689 fortissimus,
1133 1621 1238 1678 cana-

172 1722 263 1782 mine
276 1719 498 1794 *doctissimus
515 1721 608 1782 miles
623 1721 810 1783 acerrimus.
827 1719 972 1782 Habebat
988 1721 1021 1780 in
1036 1720 1238 1800 lungitudine

172 1826 278 1887 iacies
292 1827 362 1887 eius
383 1841 484 1888 unum
505 1827 648 1907 palmum
660 1833 693 1888 et
708 1827 890 1902 dimidium,
908 1833 940 1888 et
960 1827 1061 1888 barba
1075 1845 1187 1900 unum,
1207 1833 1239 1888 et

173 1947 275 1993 nasus
293 1931 422 1992 circiter
441 1929 634 2006 dimidium,
657 1940 690 1994 et
709 1933 801 1994 frons
820 1933 889 1994 eius
916 1938 983 1994 crat
1003 1933 1098 1995 unius
1125 1931 1237 2012 pedis,

173 2033 263 2095 oculi
281 2033 403 2094 leonini
419 2025 630 2096 scintillantes
644 2041 679 2096 ut
694 2035 922 2098 carbunculus.
940 2035 1117 2115 Superciiia
1131 2035 1240 2097 oculo-

174 2156 250 2202 rum
272 2140 341 2201 eius
362 2137 537 2200 dimidium
558 2140 701 2220 palmum
726 2139 913 2202 habebant:
939 2142 1127 2220 perterritus
1150 2148 1237 2214 erat,

174 2261 274 2326 quern
289 2245 360 2324 ipse
383 2245 431 2305 ira
452 2251 633 2308 commotus
647 2245 765 2325 apertis
781 2245 884 2306 oculis
899 2245 1103 2326 respiciebat.
1121 2245 1239 2325 tingu-

173 2352 246 2412 lum
271 2369 409 2432 namque
430 2366 494 2432 qua
519 2352 588 2431 ipsc
611 2350 811 2430 cingebatur,
836 2355 909 2412 octo
934 2350 1049 2430 palmis
1070 2356 1239 2410 extensum

174 2457 369 2531 habebatur,
393 2464 511 2538 praeter
535 2457 614 2518 illud
636 2455 726 2536 quud
760 2455 974 2536 dependebat.
1004 2455 1118 2516 Parum
1147 2454 1239 2533 panis

175 2561 389 2635 comedebat,
408 2561 467 2622 sed
482 2568 628 2641 quartam
645 2567 769 2642 partem
781 2561 910 2634 arietis,
928 2565 982 2620 aut
996 2559 1129 2638 gallinas
1144 2559 1237 2634 duas,

175 2671 233 2726 ant
256 2679 424 2740 anserem,
448 2673 503 2727 aut
525 2665 684 2746 spatulam
706 2665 891 2745 porcinam,
906 2671 963 2725 aut
986 2679 1161 2744 pavonem,
1187 2670 1239 2725 aut

175 2782 303 2850 gruem,
320 2775 373 2831 aut
388 2769 532 2850 leporem
547 2770 706 2848 integrum
721 2768 933 2843 comedebat,
951 2767 1115 2830 modicum
1129 2769 1240 2830 vinum

176 2881 210 2936 et
219 2885 338 2954 aquarn
351 2875 539 2954 limphetam
550 2875 658 2936 sobrie
670 2874 812 2935 bibebat.
825 2874 931 2935 Tantae
945 2873 1145 2935 fortitudinis
1158 2880 1238 2947 erat,

177 2979 268 3060 quod
284 2981 417 3042 militem
433 2987 600 3055 armatum,
621 2981 745 3042 scilicet
758 2981 927 3041 inimicum
943 2989 1053 3053 stium,
1072 2979 1240 3040 sedentem

178 3099 276 3162 super
286 3097 404 3162 equum
416 3100 434 3144 a
444 3084 560 3145 vertice
570 3084 683 3164 capitis
697 3101 799 3163 usquc
811 3082 852 3143 ad
862 3082 956 3144 bases
966 3081 1144 3142 simulcurn
1153 3097 1239 3161 ¹equo

177 3171 245 3248 unc
259 3187 324 3248 ictu
337 3194 428 3268 spata
442 3188 573 3267 propria
587 3187 731 3260 secabat3
746 3192 883 3266 quatuor
894 3186 1067 3246 ferraturas
1081 3182 1240 3264 equarum

178 3292 275 3354 simul
293 3293 441 3354 manibus
456 3291 549 3354 facile
564 3292 757 3354 extendebat
770 3311 776 3366 ;
799 3292 934 3352 militem
949 3295 1125 3364 armatum,
1153 3296 1240 3352 recte

178 3401 318 3458 stantem
332 3414 429 3476 super
451 3396 590 3476 palmam
604 3414 710 3469 suam,
728 3401 843 3456 aterna
859 3394 1015 3475 usquead
1031 3400 1127 3474 caput
1147 3413 1240 3456 suum

179 3503 250 3565 sola
273 3521 368 3564 manu
393 3503 546 3564 velociter
562 3502 718 3565 elevabat.
745 3502 783 3563 Et
806 3508 874 3562 erat
903 3502 997 3564 donis
1021 3503 1238 3582 largissimus,

131 3630 135 3636 ·
177 3608 306 3670 iudiciis
319 3608 530 3682 rectissimus,
543 3606 762 3669 locutionibus
774 3607 967 3669 luculentus.
982 3607 1017 3668 ln
1028 3613 1166 3687 quatuor
1180 3609 1241 3670 sol-

178 3714 422 3794 lempnitatibus
438 3733 497 3794 per
516 3715 673 3792 circulum
689 3715 763 3776 anni
779 3715 941 3794 praecipue
966 3715 1087 3776 curiam
1103 3714 1240 3776 suumin

180 3819 333 3898 Hispania
352 3826 483 3893 teneus,
507 3839 660 3882 eoronarn
684 3821 805 3899 regiam
829 3826 861 3882 et
882 3825 1044 3900 sceptrum
1070 3819 1238 3898 gestabat:

180 3925 234 3986 die
249 3925 371 3986 scilicet
385 3925 505 3987 Natalis
521 3926 661 3998 Domini,
676 3932 708 3988 el
723 3926 774 3988 die
789 3925 932 4000 Paschae,
953 3930 984 3985 ct
1001 3923 1051 3985 die
1066 3923 1240 3984 Pentecos-

218 4133 252 4200 (i)
272 4139 318 4185 281
335 4136 443 4186 :birris
