3042 4942
689 400 883 469 ,36-

259 547 411 608 vexillum
434 547 570 608 rubeum
590 565 701 608 eorum
722 546 917 620 elevabatur,
941 565 1075 626 mosque
1097 547 1227 608 iliorum
1255 555 1322 609 erat

260 651 345 732 quod
361 669 455 712 nemo
470 650 509 711 de
523 650 607 711 bello
620 649 745 728 fugeret
756 649 898 730 quandiu
912 651 1064 712 vexillum
1076 658 1220 712 erectum
1231 652 1320 714 vide-

260 763 318 817 ret.
336 755 428 827 Quod
444 774 517 817 curn
538 755 671 816 Karalus
687 755 881 834 agnovisset,
896 756 1008 830 lorica,
1025 763 1057 816 et
1071 755 1171 836 galea,
1189 765 1220 818 et
1232 765 1321 838 spata

260 863 440 924 invincibili
460 869 581 942 septus,
601 862 709 922 divina
723 863 839 922 virtute
858 862 1070 924 obumbratus
1094 864 1260 942 ingressus
1274 871 1322 926 est

260 971 344 1030 inter
359 970 443 1029 acies
466 955 663 1049 iniquorum,
690 968 925 1048 praecipitando
945 969 1019 1030 iilos
1040 971 1079 1030 ad
1103 970 1265 1031 dexteram
1291 977 1321 1031 et

260 1076 549 1154 laevamqunusque
562 1075 708 1153 pervenit
722 1074 761 1134 ad
775 1075 965 1154 plaustrum.
983 1076 1070 1136 Tunc
1085 1078 1218 1156 propria
1232 1083 1321 1156 spata

261 1181 426 1259 perticam,
444 1199 514 1258 quae
531 1179 682 1240 vexilium
698 1179 908 1252 sustentabat,
925 1181 1073 1252 abscidit,
1087 1187 1118 1240 et
1131 1183 1237 1242 statim
1252 1201 1321 1243 crn-

262 1303 319 1346 ncs
334 1285 500 1346 Sarraccni
516 1285 579 1346 huc
597 1285 737 1364 illucque
758 1285 896 1364 dispersi
911 1285 1021 1364 fugere
1037 1294 1217 1366 coeperunt.
1233 1288 1321 1350 illico

262 1390 347 1450 facto
372 1397 582 1470 utrarumque
606 1392 804 1452 exercituum
830 1409 948 1469 magno
972 1389 1111 1452 clamore
1137 1399 1169 1452 et
1188 1395 1321 1472 impetu,

262 1501 335 1557 octo
347 1497 445 1556 miliia
458 1496 707 1557 Sarracencrum
718 1496 966 1569 interficiuntur,
984 1503 1015 1556 et
1029 1516 1086 1558 rex
1102 1497 1223 1559 Sibiliae
1236 1500 1322 1560 occi-

203 1665 205 1672 ,
264 1599 359 1672 ditur,
385 1606 416 1659 et
440 1600 629 1660 Autnmaior
654 1619 728 1672 cum
756 1599 884 1660 duobus
905 1599 1047 1659 millibus
1072 1598 1323 1663 Sarracencrnm

264 1707 428 1785 ingressus
444 1705 556 1766 urbem
570 1705 715 1766 munivit.
736 1705 878 1765 Crastina
899 1723 974 1764 vero
990 1704 1041 1764 dic
1066 1705 1197 1766 tandem
1221 1708 1324 1768 victus

264 1808 405 1874 reddidit
418 1812 603 1891 imperatori
617 1817 728 1872 nostru
744 1811 869 1884 urbem,
886 1811 940 1871 tali
953 1811 1076 1872 scilicet
1091 1818 1185 1890 pacto
1202 1820 1237 1873 ut
1249 1813 1325 1894 bap-

264 1917 394 1976 tismum
411 1915 543 1988 subiret,
562 1915 770 1995 imperiisque
782 1915 887 1975 Karcli
904 1915 1094 1988 subiaceret,
1111 1921 1142 1976 et
1156 1917 1269 1978 urbem
1285 1918 1324 1978 de

264 2023 319 2082 illc
336 2022 472 2100 amplius
491 2028 625 2083 teneret.
650 2021 705 2082 His
719 2023 762 2082 ita
777 2023 875 2100 gestis
890 2028 991 2082 terras
1007 2030 1038 2082 et
1055 2023 1239 2101 provincias
1253 2022 1324 2084 His-

264 2126 367 2204 paniae
392 2126 625 2205 pugnatoribus
650 2133 681 2187 et
704 2126 853 2205 gentibus
877 2127 954 2198 suis
979 2126 1042 2186 iliis
1068 2127 1191 2188 scilicet
1214 2128 1268 2207 qni
1292 2129 1324 2187 in

263 2229 364 2308 patria
375 2228 428 2289 illa
444 2247 571 2289 manere
599 2230 759 2301 volebant,
776 2228 910 2290 Karnine
926 2229 1044 2289 divisit.
1063 2229 1191 2290 Terram
1207 2231 1326 2291 Navar-

265 2355 373 2396 rcrum
400 2343 431 2396 et
454 2336 641 2397 Rasclornm
667 2336 838 2409 Britannis
866 2343 897 2396 et
922 2342 1040 2396 terram
1069 2336 1326 2399 Castellancrum

265 2439 406 2514 Francis,
424 2447 454 2500 et
467 2445 584 2500 terram
595 2439 621 2500 N
624 2458 725 2518 agerae
739 2445 770 2499 et
781 2439 1028 2518 Caesaraugustae
1039 2439 1157 2500 Graecis
1171 2447 1202 2500 et
1214 2441 1327 2520 Apulis

266 2547 362 2624 quiin
380 2553 488 2607 nostro
504 2546 646 2606 exercitu
661 2550 763 2617 erant,
777 2551 808 2606 et
823 2551 941 2606 terram
953 2547 1109 2624 dragonis
1130 2545 1278 2619 Pictavis,
1297 2554 1328 2607 et

266 2658 384 2712 terram
393 2649 566 2714 Alandaiui'
577 2650 664 2710 iuxta
679 2649 869 2709 maritimam
886 2649 1104 2723 Theutonicis,
1120 2655 1237 2710 terram
1253 2651 1329 2711 Por-

265 2755 457 2834 tugallorum
471 2754 563 2814 Dacis
579 2761 610 2813 et
624 2753 770 2814 Flandris
791 2754 889 2814 dedit.
915 2754 1044 2815 Terram
1063 2755 1197 2816 Gaicciae
1214 2755 1328 2816 Franci

266 2859 445 2921 inhabitare
462 2857 644 2930 noluerunt,
661 2858 813 2937 quoniam
829 2876 941 2937 aspera
951 2858 1014 2918 illis
1031 2851 1207 2919 videbatur.
1225 2859 1329 2920 Nemo

266 2963 452 3045 postea‘fuit
463 2963 517 3043 qui
532 2961 664 3023 auderet
677 2962 709 3021 in
727 2961 878 3041 Hispania
892 2961 1043 3022 Kareium
1055 2962 1255 3040 impugnare.

745 3232 850 3301 XIX.

309 3474 352 3533 [in
374 3487 502 3532 concrum
525 3468 636 3530 Kanum
658 3485 693 3527 nr
714 3485 750 3526 nn
773 3484 968 3527 anurncrroxn
998 3485 1063 3528 urus
1085 3486 1124 3526 xa
1148 3467 1289 3527 Sancruu

725 3571 867 3633 laccaux.

309 3805 398 3865 Tunc
411 3802 552 3864 dimissis
564 3800 744 3863 maioribus
759 3798 952 3860 exercitibus
967 3799 1043 3870 suis,
1064 3796 1195 3858 Karolns
1211 3796 1242 3854 in
1258 3793 1330 3853 His-

269 3909 364 3988 pania
379 3907 462 3968 beati
474 3907 581 3968 lacobi
595 3905 706 3966 limina
718 3903 806 3976 adiit,
816 3909 847 3962 et
861 3921 942 3982 quos
955 3903 987 3962 in
1003 3903 1055 3963 illa
1069 3899 1171 3981 patria
1185 3899 1332 3958 habitan-

270 4023 318 4076 tes
334 4015 486 4096 repperit‚
504 4013 703 4076 Christianos
719 4008 899 4071 aedificavit.
925 4008 998 4069 illus
1014 4025 1090 4068 vero
1107 4007 1160 4086 qui
1180 4005 1219 4066 ad
1233 4003 1330 4084 perii-

270 4117 621 4180 diam·Sarracen01·um
637 4113 757 4174 reversi
773 4112 911 4186 inerant,
927 4117 980 4172 aut
994 4109 1101 4188 gladio
1114 4107 1260 4188 peremit,
1277 4113 1333 4167 ant
