3042 4942
594 411 788 484 ...25-

150 561 247 622 illum
268 559 423 638 peremit,
455 558 626 636 statimque
652 557 756 617 factus
780 561 829 618 est
862 558 980 620 nimius
1004 559 1127 620 clamor
1151 578 1221 620 om·
1294 579 1297 582 ·

148 668 264 740 nium,
282 671 314 726 et
330 667 493 726 irruerunt
507 682 546 724 ex
570 669 704 742 utraque
724 669 814 742 parte
831 663 1001 726 Christiani
1024 683 1121 745 super
1146 665 1220 727 Sar·

149 790 292 833 racenos
316 776 348 832 et
370 769 560 831 occiderunt
583 769 656 829 illos
680 787 804 830 omnes.
824 768 871 829 lbi
889 752 995 848 'agitur
1014 776 1102 832 tanta
1124 789 1220 851 paga-

149 895 275 938 norum
291 877 424 948 occisio,
441 874 528 955 quod
544 874 652 935 nuilus
678 892 791 935 eorum
810 875 926 948 evasit,
950 875 1011 936 nisi
1026 881 1150 936 tantum
1165 895 1221 938 rex

151 982 279 1043 Sibiliae
295 989 327 1044 et
340 980 519 1042 hltumaior
544 997 599 1040 rex
621 979 790 1068 Cordubae.
815 979 853 1040 Hi
879 999 953 1041 cum
976 981 1087 1060 paucis
1112 979 1221 1042 Sarra-

151 1104 314 1148 cenorum
338 1084 452 1146 turmis
476 1082 637 1162 fugerunt.
660 1081 758 1144 Tanta
780 1084 944 1162 sanguinis
965 1083 1080 1145 effusio
1103 1084 1154 1146 die
1169 1084 1223 1146 illa

152 1195 274 1274 agitur,
291 1191 378 1272 quod
393 1191 530 1251 victores
546 1209 647 1269 usque
666 1189 706 1250 ad
727 1189 821 1251 bases
835 1191 868 1250 in
887 1192 1041 1270 sanguine
1057 1191 1220 1254 natabant.

152 1295 327 1358 Sarraceni
349 1312 425 1354 vero
450 1294 504 1373 qui
527 1293 650 1354 inventi
676 1294 804 1354 suntin
820 1294 911 1367 urbe,
937 1313 1050 1356 omnes
1072 1296 1222 1358 trucidati

151 1403 300 1462 fuerunt.

200 1507 281 1567 Ecce
295 1505 369 1584 quia
379 1501 513 1563 Karolus
525 1507 637 1562 contra
649 1501 862 1580 higoiandum
874 1503 1050 1565 decertavit
1059 1524 1118 1585 pro
1128 1513 1223 1586 pacto

152 1609 342 1671 christianae
365 1606 457 1678 fidei,
485 1604 605 1666 occidit
627 1605 729 1666 illum.
755 1604 956 1686 Quapropter
975 1613 1062 1687 patet
1084 1610 1159 1689 quia
1173 1609 1222 1669 lex

152 1712 332 1774 christiana
348 1708 499 1770 omnibus
514 1706 629 1768 ritibus
644 1713 675 1768 et
689 1708 814 1786 legibus
837 1709 935 1770 totius
950 1710 1063 1770 mundi
1082 1711 1220 1772 excellit.

153 1819 183 1880 Ο
198 1818 392 1889 Christiane,
411 1815 437 1876 si
459 1813 558 1874 fidem
581 1813 664 1874 bene
681 1815 824 1875 tenueris
840 1816 950 1889 corde,
968 1821 1000 1877 et
1017 1817 1169 1896 operibus
1190 1819 1223 1878 in

153 1932 314 2006 quantum
334 1929 426 2003 potes
445 1921 671 2002 adimpleveris
685 1921 853 1995 veraciter,
870 1940 967 2002 super
982 1923 1129 2002 angelos,
1149 1942 1222 1984 cum

154 2027 263 2110 ca'pite
275 2035 333 2090 tuo
349 2027 487 2101 Christo,
507 2027 598 2110 cuius
613 2026 796 2087 membrum
811 2045 856 2100 es,
881 2027 1071 2089 sublimatus
1092 2029 1165 2089 eris.
1189 2027 1222 2089 Si

153 2137 205 2196 vis
228 2134 414 2206 ascendere,
437 2131 571 2192 firmiter
595 2131 708 2204 crede3
733 2131 807 2210 quia
829 2133 937 2193 omnia
959 2132 1127 2212 possibilia
1149 2140 1224 2194 sunt

154 2237 315 2309 credenti,
334 2236 413 2297 dicit
427 2235 594 2296 Dominus

196 2343 286 2404 Tunc
310 2341 460 2414 Karolus,
482 2340 671 2401 coadunatis
697 2339 757 2400 sibi
782 2339 975 2422 exercitibus
999 2341 1076 2415 suis,
1094 2343 1221 2420 gavisus

155 2449 302 2511 detento
323 2445 498 2524 triumpho,
517 2444 604 2504 venit
625 2461 726 2524 usque
750 2443 789 2504 ad
810 2449 942 2522 pontem
959 2445 1052 2524 Arge,
1068 2447 1118 2506 via
1132 2447 1219 2506 iaco-

154 2555 278 2626 bitana,
296 2557 327 2612 et
341 2551 385 2612 ibi
400 2551 582 2630 hospitatus
598 2555 656 2610 est.
959 2547 962 2556 '

645 2822 730 2891 xv.

283 3056 327 3116 DE
343 3054 528 3116 Cflnlsrlndls
544 3073 593 3123 QUI
607 3074 647 3116 ΑΙ)
664 3073 786 3126 ILLICITA
801 3073 902 3118 SPOLIA
917 3075 1092 3120 abolebitur.

197 3299 285 3360 Tunc
294 3299 425 3379 quidam
432 3299 612 3374 Christiani,
622 3320 769 3380 gazarum
781 3309 983 3364 mortuorum
992 3302 1112 3382 cupidi,
1124 3308 1219 3364 nocte

156 3401 210 3463 illa
230 3409 317 3464 retro
333 3402 509 3476 redierunt,
528 3403 643 3466 Karolo
661 3405 840 3484 ignorante,
866 3406 1036 3485 in'campo
1054 3404 1130 3465 beili
1153 3424 1217 3485 quo

159 3507 277 3568 mortui
291 3507 450 3580 iacebant,
464 3513 495 3568 et
509 3527 587 3569 auro
604 3513 801 3588 argentoque
814 3509 1013 3590 diversisque
1026 3510 1110 3588 gazis
1124 3528 1220 3570 onus·

158 3613 213 3672 tati
229 3612 269 3673 ad
280 3612 432 3673 Karolum
446 3612 551 3674 redire
566 3619 753 3694 coeperunt,
767 3613 856 3674 illico
868 3615 1057 3688 Altumaior,
1072 3633 1128 3675 rex
1140 3614 1217 3676 Cor-

158 3717 266 3792 dubae,
284 3719 339 3798 qni
354 3724 422 3780 erat
435 3718 644 3781 absconditus
658 3719 741 3780 inter
756 3725 883 3780 montes
898 3721 1055 3804 corneliis
1071 3721 1218 3784 Sarrace-
1310 3717 1311 3720 '

158 3826 220 3898 nis,
237 3825 292 3904 qui
310 3824 349 3886 de
374 3825 460 3886 bello
485 3825 643 3904 fugerant,
666 3826 804 3905 peremit
827 3825 900 3886 ilios
915 3845 1038 3900 omnes,
1060 3846 1120 3888 nec
1135 3846 1219 3888 unns

159 3931 291 4010 quidem
304 3949 342 3990 ex
357 3931 403 3990 eis
423 3931 586 4004 remansit,
604 3936 635 3991 et
649 3936 717 3991 erat
734 3947 888 3990 numerus
901 3930 1030 3991 iliorum
1046 3931 1099 4010 qui
1120 3931 1219 3990 inter-

159 4034 321 4106 ficiuntur,
337 4035 465 4095 circiter
481 4034 579 4095 mille.

200 4139 237 4199 Hi
253 4158 329 4202 vero
349 4145 461 4220 typum
474 4145 590 4218 gerunt
605 4139 750 4200 fidelium
768 4157 828 4218 pro
852 4139 993 4216 peccatis
1016 4138 1217 4213 certantium,

1028 4246 1051 4317 3
