3042 4942
633 429 827 500 -13-
917 421 920 426 ’

201 577 317 639 Karolo
343 581 480 658 quatuor
502 577 667 658 marquisii
682 577 722 639 de
735 576 832 637 ltaliae
846 575 912 638 oris
924 595 998 638 cum
1016 581 1155 657 quatuor
1171 576 1263 637 milli·

199 681 262 742 bus
275 681 417 742 virorum
438 681 641 746 bellatorum.
662 681 745 754 Mox,
764 687 799 742 ut
819 680 891 742 illos
906 680 1104 760 Aigolandus
1121 681 1261 760 agnovit,
1301 758 1303 762 .

199 793 290 866 terga
304 791 432 848 vertens
447 786 480 846 in
494 785 748 866 Legionensibus
770 785 835 847 oris
851 786 995 847 secessit.
1203 778 1225 846 l

242 891 275 952 ln
288 889 420 972 praefata
437 891 505 952 acie
524 891 571 953 las
588 896 637 953 est
653 890 786 970 intelligi
814 889 948 968 salutern
965 908 1025 970 pro
1047 890 1172 952 Christo
1193 909 1262 952 cer-

200 996 336 1056 tantium
346 1015 352 1069 ;
364 980 538 1057 sicutenim
547 995 652 1057 Karoli
663 995 955 1074 militespugnaturi
969 1000 1040 1055 ante
1049 993 1167 1055 bellum
1177 1013 1264 1056 arma

201 1119 259 1161 sua
276 1099 317 1160 ad
334 1099 519 1160 bellandum
544 1105 817 1180 praeparaverunt,
837 1098 884 1159 sic
908 1104 939 1158 et
958 1117 1017 1159 nos
1036 1106 1127 1159 arma·
1142 1105 1264 1173 nostra,

200 1205 234 1266 id
255 1211 304 1266 est
323 1205 425 1266 bonas
441 1206 585 1278 virtuteS,
601 1211 713 1267 contra
727 1205 809 1265 vicia
821 1204 1003 1284 pugnaturi,
1020 1223 1200 1285 praeparare
1213 1205 1266 1266 de·

202 1308 1262 1390 bemus.Quisquisenimvelfidemcoutrahaeretioampravitatem,
1336 1325 1341 1346 ⁸

201 1416 431 1478 velcaritatem
443 1414 687 1489 domnaedium,
702 1416 751 1477 vel
763 1415 940 1494 largitatem
955 1421 1066 1476 contra
1080 1417 1261 1492 avariciam,

200 1520 594 1582 velhumilitatemcontra
605 1519 801 1600 superbiam,
814 1520 864 1581 vel
879 1519 1057 1581 castitatem
1067 1527 1179 1582 contra
1194 1521 1264 1582 libi-

201 1627 322 1700 dinem,
339 1627 389 1688 vel
400 1627 579 1688 orationem
595 1626 757 1688 assiduam
782 1631 893 1687 contra
911 1625 1144 1688 daemoniacam
1159 1634 1262 1688 tenta·

199 1735 333 1822 tionem,
347 1735 397 1796 vel
413 1735 684 1814 perseverantiam
701 1739 813 1795 contra
833 1733 1084 1809 instabilitatem,
1100 1735 1150 1795 vel
1168 1736 1264 1797 silen-

198 1842 518 1921 tiumcoutraiurgia,
529 1841 802 1903 velobedientiam
814 1846 926 1902 contra
945 1841 1105 1903 carnalem
1121 1844 1261 1906 animum

199 1949 303 2030 ponit,
318 1948 410 2009 hasta
428 1947 497 2016 eius
511 1946 626 2008 florida
641 1951 672 2007 et
688 1945 800 2007 victrix
815 1945 848 2005 iu
864 1945 916 2007 die
936 1945 1047 2007 iudicii
1065 1947 1121 2007 Dei
1146 1948 1215 2009 erit.
1236 1950 1260 2010 o

200 2073 296 2136 quam
308 2054 383 2114 felix
395 2059 426 2114 et
436 2053 658 2114 iloridaeritiu
671 2052 780 2113 celesti
797 2070 895 2131 regno
907 2051 1037 2113 victoris
1052 2053 1167 2126 anima,
1190 2075 1261 2135 quae

198 2161 340 2241 legitime
362 2164 473 2220 contra
488 2159 570 2220 vicia
595 2159 769 2219 decertavit
795 2159 826 2218 in
849 2161 952 2219 terra!
970 2158 1039 2218 Non
1056 2159 1264 2222 coronabitur

199 2267 263 2327 nisi
277 2265 330 2346 qui
341 2264 482 2344 legitime
499 2264 727 2336 certaverit,et
752 2263 835 2324 sicut
856 2262 960 2324 Karoli
983 2269 1179 2343 pugnatores
1202 2284 1263 2345 pro

132 2389 138 2395 ·
199 2372 314 2434 Christi
332 2371 395 2434 fide
410 2370 560 2432 obierunt
574 2371 605 2430 in
625 2369 722 2443 bello,
742 2370 788 2430 sic
810 2375 841 2428 et
856 2387 914 2430 uos
939 2369 1021 2430 mori
1043 2369 1198 2432 debemus
1215 2373 1262 2434 vi-

199 2481 270 2554 ciis,
281 2486 313 2540 et
327 2480 432 2540 vivere
447 2477 618 2540 virtutibus
634 2477 752 2539 sanctis
767 2467 945 2549 inmunde,
963 2476 1112 2556 quatinus
1125 2477 1260 2557 palmam

199 2589 240 2650 de
254 2587 417 2668 triumpho
428 2585 576 2648 lloridam
593 2584 712 2647 habere
724 2602 905 2646 mereamur
917 2583 950 2644 iu
967 2582 1075 2643 celesti
1089 2601 1199 2663 regno.

695 2823 762 2893 lX.

585 3038 628 3099 lla
652 3056 726 3100 unua
748 3039 872 3101 danum.

237 3257 358 3319 Deinde
370 3258 565 3338 Aigolandus
580 3259 731 3320 adunavit
747 3260 807 3321 sibi
819 3267 930 3340 gentes
946 3261 1142 3335 innumeras,
1156 3261 1262 3322 Sarra-

198 3383 308 3437 cenos,
321 3364 456 3450 Mauros,
471 3365 634 3439 Moabitas,
645 3367 823 3446 AEtlriopes‚
838 3367 1168 3440 Pardos‚rllfr·icauos‚
1185 3367 1259 3428 Per-

146 3549 152 3558 ·
198 3469 1261 3552 saa,Texephinumregembrabum,BurrabellumregemAlexan·

198 3573 288 3646 driae,
305 3575 432 3634 Avitum
449 3594 557 3654 regern
570 3575 690 3653 Bugiae,
707 3575 863 3655 Ospinum
878 3597 982 3656 regem
999 3577 1139 3656 Agabiae,
1155 3577 1176 3638 F
1179 3579 1260 3638 ariti-

182 3665 334 3766 ,mum(l)
345 3699 450 3759 regem
462 3679 633 3752 Barbariae,
643 3680 720 3742 Allis
738 3700 844 3762 regem
860 3681 1015 3755 Marrolrc‚
1026 3682 1260 3762 Aplrinorgium

198 3803 305 3863 regem
317 3785 485 3860 Maioricae,
497 3786 687 3846 blaimonem
704 3805 810 3865 regem
824 3787 955 3868 Mequae,
975 3787 1126 3848 Ebralrim
1152 3807 1258 3866 regom

198 3889 330 3962 sibillae,
347 3888 578 3964 Allumaioreur
594 3908 702 3968 regem
719 3889 876 3953 Cordubae
893 3893 944 3972 (2),
962 3900 993 3951 et
1007 3892 1094 3951 venit
1107 3911 1206 3972 usque
1220 3894 1259 3954 ad

232 4071 267 4140 (l)
287 4078 319 4124 78
334 4091 339 4124 :
357 4076 494 4135 Fatinum3
509 4078 557 4125 235
574 4092 580 4125 :
597 4077 737 4126 Fatimum.

235 4167 271 4235 (ἓ)
289 4172 321 4218 18
337 4185 342 4218 :
357 4169 548 4220 Altumaiorem
562 4170 702 4222 Cordubae.
