3042 4942
741 409 910 478 „4-

223 561 232 578 '
294 555 327 614 in
345 550 449 615 laude.
466 553 633 616 -Taliter
654 553 768 616 beatus
792 553 957 634 apostolus
977 552 1081 615 tribus
1100 512 1225 616 vicibus
1241 555 1359 618 llarolo

294 661 452 740 apparuit.
474 659 528 722 llis
542 660 650 740 itaque
668 659 785 722 auditis
801 659 935 720 Karolus
950 658 1127 739 apostolica
1141 660 1359 738 promissione

295 769 406 842 t'retuS,
423 768 612 829 coadunatis
638 767 699 828 sibi
717 767 913 830 exercitibus
929 769 1049 843 multis,
1071 769 1112 830 ad
1127 771 1360 849 expugnandas
1397 798 1402 804 ·

295 878 405 952 gentes
418 871 558 953 pertidus
572 859 758 951 Hispaniam
773 872 938 952 ingressus
955 877 1014 933 est.

805 1126 851 1196 ll.

456 1387 500 1447 DE
515 1403 603 1448 nulus
620 1385 808 1448 Pnuruunlm
824 1403 878 1445 Pllll
894 1400 1068 1444 SEMETIPSOS
1082 1399 1190 1444 LAPSlS.

335 1637 441 1700 Prima
455 1640 544 1714 urbS,
561 1659 657 1720 quam
669 1639 840 1701 obsidione
855 1621 1013 1714 circuivit,
1028 1637 1357 1719 Pampiloniaeutitit
1450 1713 1454 1718 Ι

296 1752 327 1806 et
338 1746 422 1807 sedit
440 1747 525 1807 circa
540 1764 610 1806 eam
624 1746 729 1808 tribus
744 1747 924 1821 mensibus,
945 1755 976 1808 et
996 1747 1141 1827 nequivit
1154 1764 1224 1806 eam
1243 1762 1358 1824 capere

295 1852 370 1931 quia
391 1851 491 1912 muris
511 1851 816 1931 inexpugnabilibus
832 1851 1047 1912 munitissima
1069 1856 1147 1911 erat.
1170 1850 1259 1910 Tunc
1280 1850 1358 1910 fecit

296 1957 477 2017 orationem
492 1956 630 2017 Domino
646 1957 758 2018 dicens
775 1977 781 2017 :
799 1957 934 2018 Domine
950 1957 1020 2018 lesu
1036 1957 1170 2030 Christe,
1187 1974 1246 2036 pro
1265 1956 1358 2016 cuius

296 2060 358 2121 lide
372 2061 404 2120 in
418 2061 475 2120 has
492 2079 564 2120 oras
579 2060 620 2120 ad
635 2060 884 2140 expugnandam
897 2068 1026 2139 gentem
1043 2061 1200 2141 perfidam
1215 2061 1299 2133 veni,
1318 2059 1358 2120 da

297 2167 375 2228 mihi
396 2167 480 2228 hanc
502 2165 617 2226 urbem
643 2184 757 2246 capere
784 2167 824 2228 ad
850 2167 948 2228 decus
971 2169 1112 2229 nominis
1133 2168 1190 2228 tui.
1216 2166 1240 2227 0
1264 2167 1358 2226 beate

296 2274 422 2348 lacobe,
439 2275 465 2334 si
485 2291 595 2334 verum
611 2280 659 2334 est
673 2272 761 2353 guod
785 2273 862 2334 milri
884 2275 1071 2354 apparuisti,
1088 2274 1129 2334 da
1146 2273 1223 2334 milri
1243 2291 1358 2352 capere

242 2363 253 2374 ³
296 2383 394 2444 illam.
412 2380 567 2455 -Tunc,
587 2381 653 2442 Deo
675 2380 816 2441 donante
835 2386 866 2441 et
885 2381 980 2442 beato
998 2380 1117 2442 lacobo
1134 2386 1257 2453 orante,
1274 2381 1356 2440 muri

297 2487 430 2568 collapsi
445 2485 590 2547 funditus
608 2491 816 2560 corruerunt,
839 2485 1033 2547 Sarracenos
1048 2503 1124 2547 vero
1138 2486 1192 2566 qui
1205 2485 1358 2564 baptizari

297 2594 478 2668 voluerunt,
497 2592 537 2653 ad
552 2593 649 2653 vitam
660 2592 846 2666 reservavit,
864 2597 895 2653 et
908 2592 963 2672 qui
978 2597 1164 2665 renuerunt,
1178 2591 1284 2670 gladio
1294 2597 1359 2652 tru-

296 2698 425 2760 cidavit.
444 2698 500 2758 llis
521 2697 639 2759 auditis
663 2697 877 2772 mirabilibus,
903 2697 1082 2772 Sarraceni,
1100 2697 1215 2759 Karolo
1236 2697 1358 2777 ubique

295 2806 442 2887 pergenti
460 2824 493 2867 se
515 2805 727 2878 inclinabant,
750 2810 781 2866 et
805 2806 975 2867 mittebant
997 2807 1025 2867 ei
1041 2806 1169 2868 obuiam
1189 2805 1357 2878 tributum,

296 2920 328 2976 et
343 2915 522 2978 reddebant
532 2915 561 2976 ei
575 2915 683 2989 urbes,
699 2920 731 2975 et
752 2913 836 2976 tacta
852 2921 900 2976 est
916 2921 982 2975 tota
997 2915 1050 2975 illa
1063 2921 1147 2975 terra
1165 2914 1210 2975 illi
1225 2914 1284 2976 sub
1300 2915 1359 2974 tri-

295 3020 386 3082 buto.
400 3019 571 3081 Mirabatur
578 3038 656 3098 gens
666 3037 915 3080 sarracenacum
924 3017 1056 3080 videbat
1062 3017 1356 3098 gentemgallicam‚

297 3127 452 3208 optimam
475 3126 608 3200 scilicet,
633 3145 669 3186 ac
692 3124 775 3186 bene
795 3125 942 3186 indutam
964 3131 995 3186 ct
1018 3125 1098 3186 facie
1120 3104 1309 3204 elegantem,
1326 3131 1360 3185 et

295 3231 474 3292 honorifice
485 3231 682 3311 pacificeque
697 3230 898 3310 recipiebant
908 3250 975 3305 eoa,
991 3232 1089 3292 armis
1104 3233 1199 3292 etiarn
1215 3231 1356 3292 reiectis.

296 3334 374 3395 Inde
392 3334 519 3394 visitato
531 3335 822 3414 sarcoplragobeati
837 3335 956 3409 lacobi,
966 3336 1054 3396 venit
1064 3336 1102 3397 ad
1115 3342 1287 3415 petronum
1303 3335 1356 3415 (l),

297 3445 329 3501 et
342 3437 445 3500 inlixit
457 3438 577 3499 inmari
590 3439 746 3513 lanceam,
758 3459 855 3520 agens
864 3441 930 3502 Deo
943 3448 1094 3504 etsancto
1105 3443 1223 3504 lacobo
1238 3449 1356 3522 grates,

298 3544 352 3625 qui
369 3562 442 3605 eum
458 3562 559 3623 usque
574 3545 650 3606 illuc
666 3545 766 3618 duxit,
781 3545 892 3607 dicens
907 3543 981 3627 guia
999 3548 1031 3608 in
1048 3555 1141 3610 antea
1157 3549 1203 3618 ire
1218 3567 1283 3609 non
1298 3565 1358 3627 po-

296 3654 389 3710 terat.
406 3648 594 3710 Galecianos
610 3668 697 3724 vero,
712 3650 767 3730 qui
782 3656 856 3730 post
868 3651 953 3713 beati
969 3652 1075 3714 lacobi
1092 3654 1356 3733 praedicationem

332 3875 368 3945 (t)
383 3879 532 3942 petrocum.
551 3892 565 3923 u
580 3877 718 3926 Petronum
732 3889 793 3928 voro
808 3877 881 3928 illam
893 3880 996 3942 petram
1013 3877 1145 3928 vocabant
1160 3879 1202 3929 cui
1218 3878 1282 3927 rutis
1297 3877 1357 3927 alli-

299 3976 362 4039 gata
374 3973 470 4034 luerat,
485 3985 546 4036 qum
560 3973 645 4022 sancti
661 3972 750 4024 iacobi
763 3986 861 4037 corpus
877 3974 955 4023 triam
969 3972 1127 4034 advexerat,
1143 3975 1167 4023 et
1182 3972 1216 4022 ab
1229 3971 1278 4022 hac
1293 3985 1357 4023 voce

299 4069 414 4132 sumpsit
431 4067 483 4117 Iria
503 4065 593 4117 Flavia
616 4079 713 4118 nomen
734 4080 833 4117 novum
854 4067 890 4116 El
908 4067 1009 4116 Pedron
1031 4067 1102 4133 quod
1116 4081 1188 4118 nunc
1200 4066 1280 4130 paulo
1296 4079 1355 4116 uru-

299 4163 384 4214 tatum
397 4164 433 4212 El
445 4157 548 4210 Padroa
561 4163 648 4213 sonat.
663 4178 677 4208 »
699 4163 728 4212 G.
744 4163 832 4222 Paris,
849 4163 885 4214 be
903 4162 1151 4228 Pseudo-lumino,
1167 4175 1194 4227 p.
1210 4164 1251 4212 2⁰.
