3042 4942
598 440 789 512 ..65-

466 768 917 865 APPENDIOE.

672 1036 717 1106 A.

240 1280 393 1341 Cnsrxrus
414 1277 497 1339 Prm
518 1297 555 1339 nu
576 1293 748 1339 inversione
769 1292 855 1335 anun
876 1272 997 1333 Tunrnu
1018 1286 1144 1331 rrrscorr

589 1401 626 1444 ar
645 1399 800 1443 urnrrrus.

193 1626 319 1689 Beatus
333 1625 658 1706 Turpinusremeusis
673 1625 948 1704 archiepiscopus,
965 1621 1080 1683 Chrisli
1092 1623 1221 1698 martyr,

151 1738 234 1810 post
264 1731 369 1792 Karoli
398 1731 482 1810 regis
510 1737 646 1791 mortem
674 1729 805 1790 modico
834 1735 979 1808 tempore
1008 1727 1118 1788 vivens
1139 1724 1224 1804 apud

150 1835 330 1910 Viennam,
357 1835 526 1896 doloribus
541 1835 711 1895 vulnerum
734 1839 765 1893 et
787 1832 934 1894 laborum
960 1850 1091 1894 suorum
1107 1849 1222 1909 angus-

152 1941 271 2014 tiatus,
297 1947 400 2002 morte
429 1939 578 2018 migravit
604 1938 644 1999 ad
672 1938 857 2010 Dominum,
888 1943 919 1997 et
943 1935 988 1996 ibi
1009 1936 1096 1996 iuxta
1111 1933 1223 1995 urbem

152 2047 245 2108 ultra
269 2046 452 2118 Rodanum,
479 2045 602 2106 scilicet
624 2064 736 2106 versus
761 2044 937 2116 Orientem,
960 2044 991 2103 in
1014 2041 1152 2122 quadam
1170 2054 1223 2102 ec-

154 2151 261 2212 clesia
274 2150 352 2211 olim
366 2148 511 2228 sepultus
526 2149 639 2208 extitit.
655 2146 752 2210 Cuius
764 2147 1001 2208 sanctissimum
1017 2163 1136 2224 corpus
1152 2163 1225 2205 nos-

153 2257 218 2317 tris
243 2255 446 2335 temporibus
466 2253 597 2333 quidam
615 2272 653 2314 ex
672 2254 791 2315 nostris
809 2253 936 2314 clericis
953 2253 985 2312 in
1000 2250 1140 2331 quodam
1157 2269 1224 2310 sar-

155 2362 277 2441 cofago
296 2361 420 2441 optimo
433 2359 673 2439 episcopalibus
685 2358 828 2420 vestibus
848 2358 1008 2430 indutum,
1028 2357 1111 2437 pelle
1128 2356 1224 2416 etiam

155 2467 292 2546 propria
315 2471 347 2526 et
374 2463 503 2526 ossibus
522 2463 627 2525 adbuc
646 2465 806 2543 integrum
823 2465 1026 2537 invenerunt,
1052 2470 1084 2524 et
1105 2461 1144 2522 ab
1171 2461 1224 2521 illa

155 2571 299 2632 ecclesia
318 2588 389 2650 quae
405 2574 473 2629 erat
493 2574 625 2642 vastata,
643 2568 828 2629 detulerunt
848 2567 929 2629 illud
953 2569 1033 2629 citra
1053 2567 1223 2629 Rodanum

155 2676 191 2736 in
206 2676 333 2749 urbem,
350 2681 382 2736 ct
393 2675 590 2755 sepelierunt
600 2675 632 2735 in
647 2674 706 2735 alia
721 2673 857 2735 eeclesia
872 2673 927 2735 nbi
942 2693 1029 2735 nunc
1040 2678 1221 2734 veneratur.

155 2778 255 2841 blodo
278 2797 432 2841 coronam
450 2779 593 2840 victoriae
609 2779 734 2859 optinet
748 2779 781 2838 in
797 2778 875 2839 celis
890 2798 987 2859 quam
1002 2777 1111 2840 multis
1132 2777 1223 2838 labo-

159 2882 252 2944 ribus
275 2882 446 2964 aequisivit
468 2882 502 2943 in
525 2881 631 2943 terris.
651 2880 854 2942 Credendum
879 2865 1005 2961 quia'hi
1028 2881 1082 2961 qui
1101 2881 1134 2940 in
1151 2879 1223 2941 His-

157 2989 258 3068 pania
271 2989 460 3070 martyrium
481 3005 540 3067 pro
559 2986 674 3049 Christi
699 2986 763 3048 tide
782 2993 987 3068 acceperunt,
1001 2989 1033 3048 in
1050 2986 1223 3048 celestibus

158 3095 269 3175 regnis
280 3095 396 3157 merito
411 3100 619 3156 coronantur.
636 3093 675 3154 Et
692 3094 838 3174 quamvis
864 3092 996 3154 Karolus
1011 3098 1042 3153 et
1062 3091 1222 3171 Turpinus

158 3219 226 3262 una
242 3219 315 3263 cum
330 3200 536 3262 Rotlrolando
558 3205 590 3261 et
619 3199 948 3279 mirem-ceterisque
968 3197 1162 3278 martyribus
1189 3197 1221 3257 in

159 3304 369 3367 Runcievalle
385 3310 524 3366 mortem
543 3304 674 3366 minime
696 3303 909 3384 accepissent,
932 3309 1040 3366 tamen
1055 3303 1095 3363 ab
1109 3321 1222 3364 eorum

160 3428 283 3472 corona
298 3415 454 3490 perpetua
469 3427 535 3470 non
552 3410 732 3488 alienantur
745 3409 799 3490 qui
812 3409 898 3489 passi
916 3414 990 3470 sunt
1002 3409 1170 3489 plagarum
1191 3414 1223 3468 et

158 3516 408 3595 percussionum
419 3521 452 3576 et
462 3515 611 3602 laborum
623 3515 753 3578 dolores
767 3535 934 3595 quoscum
948 3515 1064 3577 ceteris
1074 3516 1106 3575 in
1119 3533 1222 3594 agone

160 3627 368 3701 acceperuut.
386 3621 420 3682 Si
432 3622 511 3684 socii
523 3622 725 3701 passionum,
740 3622 1040 3702 inquitApostolus,
1053 3621 1220 3695 fuerimus,

158 3727 309 3789 simulet
331 3727 564 3790 consolationis
592 3729 724 3790 erimus.
752 3727 975 3790 Rotholandus
992 3729 1221 3807 interpretatur

159 3833 284 3895 rotulus
307 3834 462 3906 scientiae,
484 3834 559 3914 quia
575 3852 688 3896 omnes
712 3853 804 3914 reges
828 3839 860 3894 et
878 3835 1044 3914 principes
1069 3831 1220 3894 omnibus

161 3940 304 4002 scientiis
320 3940 497 4014 imbuebat,
515 3940 661 4002 Oliverus
678 3941 907 4020 iuterpretatur
929 3941 1026 4002 heros
1041 3939 1221 4000 misericor-

163 4043 237 4117 die,
248 4044 322 4124 quia
334 4044 476 4105 clemens
485 4049 516 4104 et
525 4043 712 4106 misericors
723 4063 939 4124 superomnes
950 4043 1065 4116 extitit,
1079 4042 1220 4104 clemens

161 4148 379 4223 sermonibus,
397 4149 539 4210 clemens
565 4149 730 4229 operibus.
756 4149 890 4211 Karolus
914 4149 1142 4229 interpretatur
1165 4147 1219 4210 lux
1259 4207 1261 4212 .
