3042 4942
691 371 883 444 „46-

254 523 342 599 spata
363 514 505 596 lapidem
529 533 746 578 marmoreum
771 516 856 578 trino
882 516 963 590 ictu,
992 517 1102 580 voleus
1127 537 1197 582 eam
1224 518 1319 580 fran-

253 622 394 702 gercll).
412 619 493 694 Quid
514 620 626 700 plural
649 619 683 680 ln
705 619 829 682 duabus
851 621 997 700 partibus
1019 642 1037 684 a
1059 640 1185 688 summo
1209 643 1318 704 usqne

253 727 405 789 deorsum
421 724 501 804 lapis
516 723 679 798 dividitur,
697 729 728 784 et
741 723 865 802 gladius
886 724 997 804 biceps
1013 725 1133 792 illaesus
1149 726 1315 790 educitur.

713 1009 855 1082 XXIII.

334 1253 378 1316 be
401 1269 505 1314 soruru
526 1270 609 1316 ruam
633 1251 837 1326 Rornonlunr,
861 1271 898 1312 ur
920 1271 957 1312 na
978 1253 1169 1316 coubassrouu
1197 1273 1234 1316 ac

662 1374 806 1418 ranusnu
829 1375 905 1417 arus.

293 1602 415 1664 Deinde
428 1601 507 1662 tuba
518 1619 575 1661 sua
589 1601 688 1690 oloepit
703 1600 774 1662 altis
786 1602 874 1662 sonis
886 1603 1063 1686 tonitruare
1078 1603 1103 1662 si
1115 1602 1198 1665 forte
1214 1603 1314 1683 aliqui

252 1728 290 1770 ex
305 1708 494 1770 Christianis
509 1708 563 1788 qui
579 1725 638 1786 per
653 1725 785 1768 nemora
801 1708 915 1770 timore
932 1709 1184 1770 Sarracenorum
1208 1709 1316 1770 latita-

253 1815 342 1889 bant,
361 1814 450 1876 adse
467 1813 623 1886 venirent,
641 1813 691 1873 vel
707 1813 733 1872 si
756 1813 802 1873 illi
820 1815 875 1893 qui
897 1819 1012 1894 portus
1028 1815 1092 1874 iam
1107 1815 1314 1888 transierant,

253 1921 336 1982 forte
359 1921 399 1982 ad
424 1939 457 1982 se
484 1919 628 1981 redirent
652 1937 776 1999 suoque
806 1919 912 1980 funeri
938 1919 1103 1993 adessent,
1126 1925 1316 2000 spatamque

254 2031 391 2087 suamet
407 2043 526 2104 equum
549 2023 742 2103 acciperent,
764 2029 795 2084 et
818 2023 1012 2086 Sarracenos
1030 2019 1313 2104 persequerentur.

253 2131 341 2192 Tunc
357 2135 445 2191 tanta
472 2131 588 2189 vlrtute
611 2129 688 2190 tuba
713 2148 770 2190 sna
786 2129 929 2190 eburnea
945 2130 1098 2203 insonuit,
1125 2130 1213 2209 quod
1236 2131 1316 2192 ilatu

254 2237 319 2298 oris
335 2235 404 2296 eins
419 2234 495 2295 tuba
510 2253 567 2314 per
583 2235 723 2298 medium
739 2235 839 2296 scissa
851 2240 883 2294 et
896 2253 986 2296 venae
1002 2236 1075 2296 colli
1091 2237 1159 2296 cius
1177 2242 1208 2297 ct
1223 2237 1315 2298 nervi

253 2341 353 2403 fulsse
378 2341 542 2414 feruntur;
561 2341 652 2402 cuius
677 2360 738 2402 vor
766 2360 867 2420 usque
893 2342 932 2402 ad
948 2360 1041 2403 aures
1065 2341 1183 2415 Karoli,
1210 2342 1313 2421 quiin

253 2448 334 2510 valle
349 2467 420 2529 quae
440 2448 545 2510 Karoli
561 2447 689 2521 dicitnr,
708 2466 781 2509 curn
800 2449 943 2510 exercitu
959 2467 1018 2509 suo
1037 2449 1175 2510 tentoria
1188 2449 1313 2522 fixerat,

252 2555 326 2615 loco
341 2554 465 2614 scilicet
478 2553 533 2632 qui
549 2551 687 2613 distabat
701 2571 718 2614 a
735 2551 939 2613 Rotbulandu
950 2559 1023 2614 octo
1033 2553 1314 2614 milliariisversus

253 2659 456 2732 Gasconiam,
483 2658 628 2736 angelico
644 2657 743 2719 ductu
760 2659 917 2737 pervenit.
944 2657 1032 2719 lllico
1060 2658 1193 2720 Karalus
1211 2657 1315 2720 voluit

254 2764 292 2826 ad
319 2783 393 2824 curn
408 2765 530 2824 laturus
554 2763 708 2824 auxilium
729 2763 846 2836 redire,
865 2763 921 2824 sed
944 2763 1126 2826 Ganalonus
1150 2765 1315 2843 passionis

254 2870 450 2934 Rotlrolandi
468 2869 619 2931 conscius
644 2869 724 2930 dixit
739 2870 786 2930 ei:
809 2869 881 2934 Noli
906 2876 1004 2944 retra,
1029 2871 1160 2932 domine
1182 2871 1225 2930 mi
1243 2889 1312 2942 rex,

253 2976 370 3050 redire,
387 2975 461 3056 quia
478 2973 701 3036 Rotbulandus
715 2992 775 3053 pro
792 2975 925 3036 minimo
942 2975 1023 3036 solet
1036 2975 1215 3036 tubicinare
1231 2975 1313 3036 coti-

253 3083 316 3144 die.
336 3081 424 3144 Scias
440 3083 515 3161 quia
529 3099 616 3142 nunc
632 3080 750 3141 auxilio
773 3087 829 3141 tuo
854 3100 919 3142 non
936 3080 1069 3158 indiget,
1092 3080 1149 3140 sed
1172 3078 1313 3143 venandi

254 3185 361 3248 studio
377 3186 516 3264 aliquam
536 3183 637 3244 feram
660 3201 859 3264 persequens
884 3203 941 3263 per
965 3203 1098 3245 nemora
1114 3185 1313 3248 cornicando

253 3288 414 3350 discurrit.
432 3322 470 3332 —-
487 3286 511 3347 0
527 3286 665 3348 subdola
687 3288 832 3360 consilia,
851 3287 937 3348 ludae
955 3288 1131 3367 proditoris
1145 3289 1313 3350 traditioni

253 3392 486 3473 comparanda!
520 3392 663 3471 Cumque
689 3410 785 3471 super
815 3393 897 3471 prati
925 3386 1060 3454 herbam
1088 3393 1313 3456 Rotbulandus

253 3502 382 3572 iaceret,
396 3516 576 3578 aquamque
590 3496 629 3558 ad
643 3497 887 3558 refocillandam
903 3498 989 3558 sitim
1011 3518 1101 3559 suam
1113 3500 1209 3560 nimis
1225 3499 1312 3561 desi-

253 3605 391 3678 deraret,
409 3602 648 3683 supervenienti
662 3601 820 3664 Balanno
832 3609 866 3663 ut
881 3602 942 3662 sibi
955 3623 1070 3683 aquam
1084 3605 1255 3684 praeberet,
1266 3606 1313 3666 in-

287 3835 320 3899 (t)
341 3839 378 3887 ba
391 3831 503 3901 legende
517 3835 550 3886 de
563 3835 589 3886 le
600 3837 783 3888 merveilleuse
796 3833 860 3901 epte
871 3837 960 3887 devait
972 3837 1110 3890 s’enricbIr
1119 3851 1224 3890 encore.
1238 3839 1313 3889 Dans

252 3929 291 3979 les
304 3941 412 3979 romans
430 3928 551 3989 italicus,
565 3930 637 3978 aussi
656 3929 717 3980 bien
731 3928 799 3979 dans
817 3929 842 3978 le
856 3930 993 3992 Morqaate
1006 3944 1058 3994 que
1072 3931 1140 3982 dans
1152 3931 1190 3981 les
1205 3943 1312 3982 oeuvrcs

252 4023 405 4088 populaires
425 4022 491 4074 dont
510 4021 583 4073 Pulci
602 4022 725 4087 s‘inspire
744 4023 765 4072 si
784 4021 1005 4084 beureusemcnt,
1025 4024 1129 4077 Roland
1149 4025 1252 4076 revient
1273 4037 1312 4076 un

254 4113 401 4168 momenta
416 4116 442 4167 la
455 4117 496 4168 vic
510 4129 578 4182 pour
592 4117 716 4168 remettre
730 4115 865 4168 Durandal
880 4128 934 4166 aux
955 4117 1041 4168 mains
1058 4117 1091 4170 de
1107 4117 1309 4186 Charlemagnc.
