3042 4942
631 404 825 472 ..47-

180 557 283 631 nuit,
300 555 368 638 qui,
381 571 456 615 cum
470 569 585 633 aquam
599 551 663 613 huc
676 550 817 630 illucque
831 553 990 630 quaereret
1006 567 1065 612 nec
1082 550 1253 624 inveniret,

179 661 307 726 videns
322 680 397 724 cum
411 660 507 722 morti
528 659 723 740 proximum,
739 658 827 720 illico
842 658 1010 720 benedixit
1025 659 1071 731 ei;
1089 665 1120 720 et
1141 657 1252 721 formi-

181 771 277 832 dans
292 769 338 830 ne
355 769 389 830 in
411 784 527 828 manus
550 764 800 826 Sarracenorum
823 765 1014 852 incurreret,
1041 783 1160 846 equum
1185 765 1255 828 eius

181 876 352 950 aseendit,
368 879 401 936 et
418 872 524 934 Karoli
540 872 716 933 exercitum
729 870 978 951 praecedentem,
1001 871 1114 934 relicto
1138 889 1188 945 eo,
1205 872 1255 932 iu-

181 989 350 1066 sequutus
372 986 431 1043 est.
461 979 530 1051 Quo
554 979 739 1053 recedente,
767 978 854 1039 illico
878 977 1008 1040 advenit
1031 977 1196 1052 Tcdricus,
1223 984 1256 1040 ct

180 1090 293 1170 coepit
305 1088 398 1150 valde
419 1103 606 1167 supereum
630 1085 751 1164 lugere,
770 1083 881 1145 dicens
897 1085 926 1144 ei
949 1089 984 1146 ut
997 1085 1137 1146 animam
1163 1103 1252 1146 suam

180 1198 268 1260 fidei
285 1194 490 1258 confessione
508 1193 660 1253 muniret.
676 1192 854 1271 Acceperat
865 1192 951 1253 enim
962 1191 1186 1254 Rotholeudus
1201 1192 1252 1254 dic

183 1303 310 1366 eodem
333 1299 577 1371 Eucharistiam,
601 1303 633 1359 et
658 1297 849 1358 delictorum
866 1317 996 1360 suorum
1013 1297 1253 1360 confessionem

70 1433 74 1441 ·
120 1395 121 1398 ¹
184 1429 206 1470 a
222 1407 420 1489 quibusdam
436 1403 661 1466 sacerdotibus
674 1407 845 1482 antequam
861 1403 901 1464 ad
914 1403 1035 1465 bellum
1054 1409 1253 1500 properaret.

183 1513 268 1574 Erat
281 1512 367 1572 euim
383 1527 454 1570 mos
471 1515 506 1569 ut
521 1526 634 1569 omnes
653 1513 848 1587 pugnatores
868 1507 1067 1570 Eucharistia
1083 1513 1114 1569 et
1127 1508 1254 1570 coufes-

185 1622 285 1682 sione
297 1635 477 1699 permanus
492 1615 708 1688 sacerdotum,
725 1614 953 1694 episcoporum
969 1621 1000 1676 ct
1019 1616 1253 1678 monachorum

187 1728 249 1808 qui
263 1725 307 1786 ibi
325 1724 468 1797 aderant,
486 1741 559 1784 suas
572 1721 694 1782 animas
707 1721 871 1781 munirent
886 1720 1067 1795 adhellum,
1081 1727 1251 1802 antequam

186 1847 335 1914 pugnam
349 1829 479 1887 inirent.
498 1825 586 1886 Tunc
600 1824 732 1885 clevatis
747 1824 787 1884 ad
802 1824 906 1885 celum
916 1825 1019 1886 oeulis
1031 1823 1254 1888 liotholandus

189 1935 310 2000 Christi
326 1939 445 2013 martyr
459 1931 517 1992 ait:

453 2160 578 2217 Oratio
597 2159 814 2216 Rotholandi
834 2159 992 2216 comitis.

234 2358 367 2420 Domine
380 2357 451 2418 lesu
468 2356 602 2429 Christe,
619 2374 679 2435 pro
695 2355 866 2438 cuiusfide
882 2357 1018 2435 patriam
1029 2377 1131 2419 meam
1146 2359 1252 2420 dimisi

189 2469 224 2528 in
238 2466 352 2546 hisque
366 2464 513 2525 barbaris
527 2463 592 2524 oris
608 2462 647 2523 ad
660 2462 862 2524 exaltandam
880 2463 1149 2526 Christianitatem
1164 2471 1252 2526 tuam

189 2570 277 2643 veni,
296 2568 396 2629 multa
419 2566 619 2647 perfidorum
636 2566 731 2640 bella,
752 2573 807 2627 tuo
822 2563 965 2628 munitus
986 2569 1104 2630 auxilio
1131 2569 1252 2643 devici,

189 2675 377 2735 innumeras
392 2671 511 2750 alapas,
524 2671 645 2743 ruinas,
660 2670 791 2730 vulnera
801 2670 912 2744 multa,
928 2670 1114 2751 obprobria,
1127 2672 1250 2734 irrisio-

190 2797 261 2852 nes,
278 2777 491 2855 fatigationes
507 2775 641 2848 calores,
662 2775 793 2854 frigora,
809 2776 939 2850 famem,
957 2777 1054 2850 sitim,
1077 2779 1252 2840 anxietates

189 2883 330 2965 pertuli:
347 2881 416 2955 tibi,
433 2882 466 2941 in
482 2881 541 2942 hac
556 2881 647 2954 hora,
664 2881 860 2942 commendo
878 2882 1015 2943 animam
1031 2901 1146 2944 meam.
1164 2883 1253 2944 Sicut

190 3007 316 3070 prome
332 2987 371 3047 de
386 2987 509 3066 virgine
526 2986 674 3065 diguatus
688 3005 722 3046 es
738 2987 839 3060 nasci,
858 3005 985 3048 crucem
1000 2988 1077 3066 pati,
1091 2988 1184 3060 mori,
1201 3007 1252 3048 se-

190 3094 328 3175 pulchro
344 3091 484 3172 sepeliri,
501 3092 594 3152 tertia
610 3091 660 3152 die
680 3091 719 3152 ab
736 3091 848 3152 inferis
860 3092 1055 3165 resuscitari,
1069 3093 1156 3154 celos
1170 3112 1252 3172 quos

191 3217 357 3280 nunquam
376 3199 421 3259 tui
442 3197 583 3258 numinis
598 3198 770 3277 praeseutia
792 3197 974 3271 deseruisti,
999 3199 1126 3261 voluisti
1142 3177 1253 3262 asceu-

192 3308 279 3381 dere,
295 3307 342 3367 sio
362 3306 500 3366 animam
521 3323 656 3365 meama
677 3309 780 3364 morte
802 3309 921 3364 aeterna
937 3304 1073 3366 liberare
1096 3305 1248 3386 digneris.

191 3413 280 3474 Ultra
296 3396 392 3491 quam
408 3410 472 3471 dici
492 3408 539 3470 fas
553 3415 611 3482 est,
629 3427 783 3469 mercum
803 3413 834 3469 et
846 3415 1050 3488 peccatorem
1066 3428 1136 3471 esse
1148 3411 1250 3472 coufi-

190 3525 270 3592 tcor,
285 3517 343 3578 sed
357 3523 402 3590 tu,
418 3516 473 3595 qui
489 3515 633 3576 omnium
651 3521 859 3594 peccatorum
875 3515 1018 3576 indultor
1034 3515 1249 3577 clementissi-

190 3645 262 3686 mus
272 3643 318 3698 es,
337 3625 391 3704 qui
408 3623 571 3684 misereris
594 3623 739 3684 omnium
760 3628 791 3682 et
807 3623 906 3684 nichil
922 3623 1019 3684 odisti
1039 3641 1150 3686 corum
1177 3644 1249 3704 quae

190 3732 306 3804 fecisti,
327 3730 533 3792 dissimulans
547 3735 678 3808 peccata
689 3729 858 3790 hominum
870 3735 1002 3809 propter
1013 3731 1248 3810 poeniteutiam,

191 3837 245 3916 qui
256 3836 436 3916 peccatoris
451 3835 559 3896 omnia
571 3833 716 3895 facinora
732 3835 764 3894 in
782 3853 985 3914 quacumque
1001 3834 1052 3895 dic
1068 3833 1108 3895 ad
1127 3840 1158 3894 te
1172 3853 1251 3895 con·

192 3960 302 4003 versus
318 3941 425 4013 fucrit,
443 3946 475 4000 et
488 3940 691 4018 ingemuerit,
709 3939 864 4000 oblivioni
879 3940 912 4000 iu
930 3945 1123 4019 perpetuum
1137 3938 1248 4012 tradis,

192 4048 246 4127 qni
261 4047 409 4108 Ninivitis
425 4047 635 4126 peccantibus
646 4046 830 4126 pepercisti,
855 4052 887 4106 et
900 4045 1025 4106 mulieri
1040 4045 1249 4124 deprehensae

191 4151 225 4211 in
249 4149 405 4212 adulterio
424 4149 585 4224 dimisisti,
610 4155 640 4210 et
653 4149 845 4228 Magdalenae
862 4149 1024 4222 remisisti,
1049 4153 1080 4208 et
1095 4147 1189 4209 Petro
1204 4148 1251 4210 la·
