3042 4942
520 415 769 483 ,η-

151 537 213 637 ria,
225 560 372 634 Heloida,
384 560 498 634 Evitia,
512 559 739 632 Formenteria,
753 559 898 632 Alcoroz,
911 557 1061 632 Atmaria,
1074 557 1217 631 Honeka,

153 668 339 742 Gib‘altaria,
356 666 504 746 Kartago,
519 665 615 745 Septa
628 685 699 746 quae
711 672 760 726 est
774 665 805 725 in
823 664 978 726 districtis
991 664 1152 744 Hispaniae
1165 663 1220 724 ubi

152 773 253 834 maris
268 777 317 834 est
337 778 491 850 angustus
507 789 697 844 concursus,
714 776 745 831 et
767 769 857 831 Gesir
878 769 1024 831 similiter
1036 775 1068 830 et
1080 769 1218 849 Taruph,

152 880 256 939 immo
271 883 386 940 cuncta
398 883 484 938 terra
495 876 722 956 Hispanorum,
735 876 830 938 tellus
847 876 971 937 scilicet
985 875 1159 938 Alandaluf
1167 875 1176 956 (
1197 875 1219 956 ),

152 985 251 1047 tellus
260 984 530 1064 Portugallorum,
542 983 638 1044 tellus
647 983 910 1057 sarracenorum,
925 983 1019 1044 tellus
1029 982 1218 1056 Pardorum,

152 1091 251 1152 tellus
274 1089 540 1166 Castellanorum,
562 1089 657 1150 tellus
673 1089 867 1164 Maurorum,
883 1089 978 1152 tellus
994 1089 1220 1164 Navarrorum‚

153 1197 450 1260 tellusrttarvarum
464 1195 517 1275 (2),
529 1195 625 1258 teitus
633 1195 844 1269 biscaiorum,
858 1195 954 1258 tellus
968 1195 1176 1276 Blascorum(
1198 1195 1220 1275 ),

154 1301 648 1382 tellusquePalargorumltaroti
660 1302 804 1381 imperiis
815 1301 1001 1364 inflectitur.
1013 1301 1132 1364 Omnes
1143 1320 1224 1382 prae-

155 1409 239 1472 fatas
254 1407 349 1470 urbes
359 1406 515 1487 quasdam
527 1407 595 1470 sine
611 1422 730 1486 pugna,
746 1407 902 1488 quasdam
917 1427 991 1469 cum
1007 1427 1123 1488 magno
1135 1408 1222 1470 bello

156 1526 190 1580 et
210 1515 349 1578 maxima
371 1520 437 1578 arte
463 1513 597 1576 Karalus
617 1520 694 1576 tunc
715 1515 896 1596 acquisivit,
920 1522 1038 1596 practer
1057 1515 1223 1596 praefatam

155 1619 335 1682 Lucernam
357 1618 472 1682 urbem
489 1619 738 1684 munitissimam
760 1638 831 1699 quae
852 1620 949 1680 estin
966 1619 1049 1681 valle
1069 1619 1176 1694 viridi,
1192 1625 1224 1681 et

157 1743 256 1806 quam
276 1743 389 1804 capere
410 1724 515 1788 donec
540 1724 580 1786 ad
601 1725 750 1788 ultimum
775 1726 931 1805 nequivit.
952 1725 1133 1788 Novissime
1147 1744 1223 1787 vero

158 1831 249 1894 veuit
266 1830 306 1894 ad
325 1849 408 1904 eam,
430 1836 462 1890 et
483 1830 614 1892 obsedit
630 1849 714 1904 eam,
731 1837 763 1890 et
785 1831 867 1892 sedit
882 1832 975 1906 circa⁴
993 1850 1062 1894 eam
1086 1837 1225 1912 quatuor

157 1937 321 1998 mensium
334 1937 449 2016 spatio,
462 1935 585 1998 attacta
595 1955 691 2016 prece
701 1936 838 1998 Domino
847 1944 879 1998 et
892 1943 1003 2000 sancto
1012 1937 1130 2000 Iacobo
1141 1937 1224 2000 muri

158 2044 230 2104 eius
250 2041 446 2116 ceciderunt,
466 2048 497 2104 et
512 2048 560 2104 est
577 2043 702 2106 deserta
724 2062 827 2123 usque
847 2044 879 2105 in
903 2044 1097 2106 hodiernum
1124 2044 1223 2108 diem.
1254 2047 1262 2118 t

159 2148 296 2220 Quidam
311 2136 528 2227 enimsgurges
543 2149 602 2209 atri
625 2150 727 2210 amnis
743 2150 776 2209 in
801 2149 909 2210 medio
930 2150 999 2210 eius
1026 2150 1173 2224 surrexit,
1191 2149 1223 2209 in

159 2272 226 2334 quo
242 2253 347 2332 magni
368 2253 474 2333 pisces
494 2254 576 2334 nigri
597 2253 768 2318 habentur.
786 2253 945 2325 Quasdam
967 2262 1075 2318 tamen
1090 2273 1128 2316 ex
1141 2272 1224 2333 prae-

149 2360 234 2433 tatis
248 2358 383 2422 urbibus
407 2359 458 2422 alii
474 2378 566 2439 reges
581 2360 655 2439 gatii
677 2367 708 2421 et
727 2361 938 2440 imperatores
958 2360 1137 2422 theutonici
1153 2365 1225 2421 ante

159 2466 312 2528 Karolum
327 2485 476 2546 magnum
492 2467 732 2547 acquisiverunt
747 2487 817 2546 quae
834 2473 946 2547 postea
961 2467 1001 2528 ad
1011 2467 1109 2528 ritum
1128 2484 1225 2545 paga-

159 2595 276 2637 norum
289 2594 453 2637 conversae
468 2582 553 2650 sunt,
568 2575 721 2656 usquead
735 2576 804 2636 eius
820 2575 1003 2636 adventum.
1019 2573 1056 2634 Et
1068 2579 1143 2654 post
1156 2573 1226 2634 eius

160 2687 299 2742 mortem
310 2681 402 2741 multi
415 2698 506 2758 reges
522 2687 554 2741 et
564 2681 728 2761 principes
742 2681 774 2740 in
796 2679 948 2759 Hispania
963 2679 1156 2741 Sarracenos
1171 2697 1225 2739 ex-

132 2793 395 2867 ·pugnaverunt.
421 2785 601 2848 Clodoveus
623 2805 762 2867 namque
791 2786 914 2866 primus
944 2805 999 2847 rex
1029 2786 1225 2847 Francorum

161 2889 369 2964 christianus,
395 2888 562 2964 Clotarius,
585 2890 796 2970 Dagobertus,
818 2889 963 2970 Pipinus,
990 2891 1124 2952 Karolus
1145 2889 1225 2949 Har-

161 2997 268 3070 tellus,
284 2995 418 3058 Karolus
435 2995 560 3070 Calvus,
582 2996 761 3060 Lodovicus
782 3003 814 3058 et
832 2997 1087 3076 Karolomagnus
1110 2995 1226 3076 partim

161 3102 348 3182 Hispaniam
362 3101 611 3181 acquisiverunt,
622 3103 738 3182 partim
750 3103 952 3178 dimiserunt,
964 3103 1021 3164 sed
1030 3101 1227 3164 hicKarolus

163 3226 298 3286 magnus
321 3213 422 3269 totam
441 3206 626 3287 Hispaniam
652 3209 717 3270 suis
733 3208 935 3289 temporibus
950 3208 1011 3270 sibi
1033 3207 1225 3286 subiugavit.

161 3314 217 3375 Hae
232 3319 307 3375 sunt
320 3313 418 3376 urbes
433 3333 512 3394 quas
527 3314 580 3375 ille
596 3320 768 3395 postquam
783 3315 870 3394 gravi
887 3315 998 3378 labore
1019 3314 1225 3395 adquisierat,

75 3409 77 3412 ⁵
163 3421 340 3496 maledixit,
368 3421 543 3482 etidcirco
566 3421 634 3482 sine
659 3422 838 3484 habitatore
859 3427 1051 3502 permanent
1074 3419 1227 3501 usquein

162 3530 357 3592 hodiernum
383 3530 499 3591 diem:
527 3529 670 3592 Lucerna
703 3532 742 3612 (1)
767 3537 911 3606 ventosa,
940 3532 1110 3612 Capparra,
1142 3527 1244 3590 eda-¹

162 3637 217 3697 nia
236 3637 288 3717 (5).

161 3817 163 3821 '
197 3818 205 3880 (
223 3817 231 3880 )
252 3819 300 3866 111
315 3832 321 3866 :
337 3816 503 3866 Anandalus

196 3914 221 3978 (2
249 3915 282 3963 78
298 3928 304 3962 ι
319 3911 472 3963 slavorum.
487 3913 517 3962 V.
532 3912 605 3973 intr„
619 3926 646 3976 p.
662 3916 703 3973 11,
719 3911 794 3961 1.13.

197 4005 208 4072 (

223 3916 230 3975 i

209 4008 233 4070 3)
253 4009 285 4058 78
300 4023 306 4057 :
321 4007 490 4069 basclorum,
507 4009 556 4056 235
572 4023 577 4056 :
593 4005 777 4056 Basculorum.

197 4101 205 4164 t

210 4198 223 4244 i

208 3821 219 3866 1

207 4103 221 4150 1

198 4196 232 4259 (.)
254 4198 302 4246 139
317 4212 323 4246 :
338 4195 449 4246 adama.

224 4097 232 4166 )
254 4102 302 4151 139
317 4117 323 4150 :
340 4101 479 4150 Luicerna.
