3042 4942
646 399 837 470 ..45-

210 548 327 629 pedem
345 552 498 629 portuum
520 546 626 609 Cisere
646 565 704 628 per
724 565 859 608 nemora
878 545 965 607 solus
989 545 1148 624 pervenit,
1172 549 1204 606 et
1227 545 1270 606 ibi

212 655 272 717 sub
300 654 416 715 arbore
449 652 588 734 quadam
613 653 701 714 iuxta
725 653 867 732 lapidem
899 669 1115 712 marmoreum
1141 651 1195 731 qui
1226 649 1271 711 ibi

210 765 338 822 erectus
363 764 432 820 erat
462 759 496 820 in
517 763 609 839 prato
635 753 757 840 optimo
785 775 882 838 super
911 755 1168 830 bonamvallem,
1187 774 1271 836 equo

210 865 341 928 desiliit.
357 863 504 926 Habebat
519 864 588 945 ipse
605 863 711 926 adhuc
725 863 898 944 quamdam
917 865 1041 942 spatam
1055 879 1146 922 suam
1162 878 1272 922 secum

209 989 308 1052 opere
322 970 586 1052 pulcherrimam,
604 970 751 1032 acumine
767 967 1066 1048 incomparabilem,
1082 965 1272 1028 fortitudine

209 1075 418 1138 inflexibilem
431 1113 444 1148 ,-
460 1073 560 1134 nimia
577 1055 725 1135 ¹claritate
747 1071 1027 1153 resplendentem,
1051 1072 1183 1134 nomine
1207 1071 1272 1132 liu-

209 1181 321 1243 renda.
348 1177 500 1241 Ducenda
524 1179 753 1259 interpretatur
770 1177 887 1240 durum
905 1178 1005 1240 ictum
1029 1197 1102 1240 cum
1127 1197 1164 1240 ea
1178 1177 1270 1251 dans,

210 1286 286 1366 quia
306 1284 395 1366 prius
418 1282 546 1345 deficiet
567 1282 735 1344 brachium
755 1301 850 1364 quam
871 1288 971 1364 spata.
990 1282 1090 1356 Quam
1108 1302 1181 1344 cum
1198 1301 1271 1344 eva-

209 1395 367 1482 ginasset,
396 1397 427 1454 et
451 1410 549 1454 manu
573 1410 645 1454 eam
669 1395 809 1463 teneret,
834 1391 969 1451 intuitus
995 1409 1065 1452 eam
1089 1389 1272 1452 lacrimosis

209 1499 347 1562 vocibus
371 1498 479 1560 dixit:
505 1497 529 1559 Ο
551 1516 664 1559 mucro
689 1496 906 1577 pulcherrime
928 1501 960 1558 et
984 1514 1111 1576 semper
1137 1495 1272 1557 lucidis-

209 1606 306 1680 sime,
328 1603 541 1684 longitudinis
567 1602 820 1676 decentissimae,
836 1601 1006 1664 latitudine
1026 1619 1183 1680 congrue,
1206 1600 1272 1662 lor-

208 1709 347 1770 titudine
371 1705 572 1782 firmissime,
596 1706 711 1786 capulo
735 1705 879 1768 eburneo
908 1706 1157 1780 candidissime,
1176 1723 1271 1767 cruce

209 1833 306 1876 aurea
328 1811 602 1901 splendidissime,
626 1812 797 1892 superficie
816 1811 978 1886 deaurate,
1001 1829 1099 1891 pomo
1118 1810 1270 1872 berillino

209 1930 372 2002 decorate,
404 1928 518 1990 litteris
549 1927 737 1990 clarissimis
761 1946 877 2006 magno
904 1928 960 1989 Dei
986 1928 1117 1989 nomine
1141 1931 1207 1991 ΑΩ
1222 1930 1270 1990 in-

208 2040 345 2121 sculpte,
375 2039 524 2101 acumine
553 2039 707 2118 legitime,
742 2039 858 2100 virtute
887 2038 995 2101 divina
1021 2039 1166 2120 praedite,
1200 2042 1271 2121 quis

208 2145 346 2226 amplius
362 2151 417 2206 tua
430 2143 619 2206 fortitudine
636 2148 764 2205 utetur?
784 2145 856 2224 quis
870 2146 1007 2224 amplius
1022 2151 1053 2205 te
1067 2145 1272 2226 possidebit?

210 2252 281 2332 quis
293 2250 439 2312 tenebit?
453 2250 525 2330 quis
540 2256 570 2311 te
585 2249 733 2311 habebit?
745 2249 804 2320 Qui
815 2256 845 2310 te
858 2250 1038 2329 possidebit
1049 2251 1108 2311 erit
1119 2251 1269 2324 invictus,

210 2375 274 2417 non
290 2355 457 2427 attonitus,
475 2372 540 2415 non
554 2353 728 2418 formidine
750 2354 958 2414 inimicorum
979 2354 1179 2440 perterritus,
1204 2373 1270 2415 non

210 2462 284 2524 ullis
298 2461 443 2523 fantasiis
455 2460 603 2541 pavidus,
621 2460 678 2522 sed
693 2479 820 2539 semper
833 2460 893 2520 erit
908 2459 1016 2521 divina
1029 2461 1144 2521 virtute
1157 2460 1269 2534 fretus,

210 2566 455 2638 divinoauxilio
471 2565 700 2627 circumdatus.
717 2565 778 2626 Per
799 2569 830 2625 te
854 2563 1021 2626 Sarraceni
1046 2564 1268 2638 destruuntur,

210 2693 288 2754 gens
309 2672 434 2752 perfida
455 2670 640 2744 destruitur,
656 2671 707 2732 lex
726 2671 899 2732 christiana
922 2671 1090 2744 exaltatur,
1116 2671 1186 2732 laus
1201 2671 1268 2744 Dei,

209 2786 240 2842 et
256 2779 369 2858 gloria,
394 2783 426 2838 et
448 2776 657 2838 celeberrima
681 2776 767 2836 fama
790 2776 977 2854 acquiritur.
998 2775 1022 2838 Ο
1045 2777 1195 2857 quotiens
1211 2777 1270 2840 do-

209 2885 288 2946 mini
297 2883 399 2946 nostri
410 2881 481 2944 lesu
493 2881 608 2943 Christi
618 2882 807 2962 sanguinem
818 2873 916 2961 per'te
928 2882 1088 2944 vindicavi
1100 2887 1106 2942 i
1120 2884 1271 2962 quotiens

210 2990 323 3052 Christi
356 2989 505 3049 inimicos
532 3007 609 3068 pere
646 2989 671 3048 i!
699 2988 848 3067 quotiens
872 2987 1067 3049 Sarracenos
1092 2988 1269 3049 trucidavi!

211 3096 362 3178 quotiens
374 3093 500 3155 ludaeos
516 3113 552 3155 ac
565 3007 706 3174 pehzdos
720 3111 779 3169 pro
795 3093 976 3154 christianae
987 3092 1063 3154 fidei
1077 3092 1270 3154 exaltatione

210 3199 354 3263 destruxi
368 3203 374 3259 l
394 3199 454 3260 Per
467 3204 498 3259 te
513 3199 568 3260 Dei
585 3197 704 3259 iudicia
717 3197 945 3277 adimplentur,
959 3214 1017 3277 pes
1028 3215 1206 3277 manusque
1220 3216 1270 3258 as-

211 3311 301 3368 sueta
315 3305 485 3367 latrocinio
503 3309 719 3384 amputantur.
738 3293 893 3374 Quotiens
913 3321 972 3382 per
997 3309 1026 3363 te
1051 3308 1105 3364 aut
1128 3301 1271 3364 ludaeum

209 3408 1269 3514 pertidumautSarracenurnperemi,totienspdhristisanguinem,
1339 3429 1346 3446 ⁸
1441 3388 1454 3424 ³

210 3521 349 3596 utputo,
365 3514 538 3576 vindicavi.
556 3512 580 3574 Ο
595 3519 685 3593 spata
704 3513 904 3586 felicissima,
921 3514 1179 3576 acutissimarum
1196 3501 1276 3574 acu-¹

210 3624 344 3696 tissima,
361 3622 414 3683 cui
428 3621 542 3683 similis
556 3639 621 3682 non
644 3619 715 3694 fuit,
732 3638 792 3681 nec
814 3620 951 3701 amplius
965 3619 1041 3682 eritl
1059 3619 1116 3692 Qui
1132 3627 1162 3680 te
1177 3620 1272 3680 labri-

211 3733 294 3794 cavit
306 3751 366 3794 nec
381 3737 466 3805 ante,
483 3749 543 3792 nec
554 3736 629 3810 post
643 3729 847 3791 consimilem
862 3728 948 3789 l'eoit.
965 3728 1154 3790 Nullatenus
1165 3729 1270 3789 vivere

209 3835 314 3916 potuit
334 3835 388 3915 qni
414 3839 504 3896 exte
529 3833 713 3894 vulneratus
734 3831 967 3911 aliquantulum
989 3832 1103 3892 extitit.
1126 3831 1158 3891 Si
1180 3830 1271 3890 miles

209 3939 348 4020 ignavus
360 3945 414 4001 aut
426 3938 559 4000 timidus
572 3944 602 3999 te
614 3937 774 4011 habuerit,
794 3937 890 3998 nimis
903 3956 941 3998 ex
957 3937 1020 3997 hoc
1032 3936 1145 4008 doleo;
1162 3935 1187 3994 si
1202 3935 1272 3994 Sar-

210 4065 346 4108 racenus
371 4052 425 4107 aut
446 4045 527 4106 alius
551 4042 705 4123 perfidus,
730 4042 822 4103 valde
846 4040 953 4103 doleo.
968 4077 1007 4084 -
1025 4040 1079 4101 His
1098 4041 1138 4099 ita
1163 4038 1269 4111 dictis,

210 4151 327 4212 timens
352 4168 392 4210 ne
417 4149 450 4210 in
476 4167 590 4209 manus
619 4146 870 4208 Sarracenorum
902 4144 1078 4218 deveniret,
1112 4142 1272 4223 percussit
