3042 4942
728 443 917 516 „30-

292 592 359 654 tina
375 609 452 652 vero
474 590 526 651 die
549 607 674 652 summo
694 589 837 678 diluculo
856 592 1029 672 separatim
1043 600 1202 656 venerunt
1225 593 1351 674 pedites

293 699 325 762 in
341 716 455 782 campo
475 697 550 758 belli
575 697 657 762 siout
679 697 1007 777 dispositumfuerat.
1032 699 1224 766 Ferracutus
1245 707 1352 766 tamen

294 822 404 866 secum
419 803 523 865 attulit
538 808 676 882 spatam,
693 803 751 864 sed
771 803 851 882 nihil
864 804 893 866 ei
910 804 1019 878 valuit,
1038 805 1113 884 qnia
1128 804 1353 871 Rotbolandus

293 909 445 974 baculum
458 908 630 989 quemdam
644 913 798 974 retortum
813 915 844 970 et
858 909 991 989 longum
1005 929 1115 972 secum
1131 911 1263 986 detulit,
1280 931 1353 974 eum

294 1035 358 1096 quo
383 1021 450 1078 tota
466 1013 517 1074 die
544 1031 618 1074 eum
638 1014 812 1093 percussit,
840 1019 872 1074 et
895 1014 1027 1079 minime
1053 1033 1128 1076 eum
1151 1015 1245 1082 laesit.
1278 1017 1353 1079 Per-

294 1121 394 1185 cussit
412 1125 443 1182 et
465 1138 539 1182 eum
557 1119 681 1197 maguis
698 1124 729 1180 et
753 1118 902 1180 rotundis
925 1119 1086 1199 lapidibus
1109 1121 1163 1200 qui
1187 1121 1221 1184 in
1240 1141 1354 1202 campo

295 1226 497 1290 abundanter
523 1230 629 1298 erant,
660 1243 762 1304 usque
792 1225 830 1288 ad
863 1224 1049 1299 meridiem,
1076 1226 1133 1287 illo
1164 1244 1248 1306 saepe
1276 1246 1354 1302 con-

249 1364 252 1368 ·
295 1332 465 1404 sentiente,
481 1330 538 1392 sed
561 1348 634 1392 eum
650 1330 737 1392 nullo
759 1329 856 1392 modo
877 1329 995 1394 laedere
1016 1332 1132 1410 potuit.
1149 1332 1237 1398 lunc
1252 1333 1355 1412 impe-

293 1439 383 1502 tratis
407 1457 426 1498 a
449 1436 653 1500 Rothnlando
674 1437 774 1498 trebis
796 1437 984 1500 Ferracutus
1001 1457 1116 1500 somno
1136 1446 1355 1520 praegravatus

294 1542 392 1622 coepit
411 1541 570 1613 dormire;
591 1539 813 1602 Rotholandus
832 1559 920 1614 vero,
939 1547 973 1602 ut
998 1547 1066 1602 erat
1087 1543 1214 1606 iuvenis
1237 1543 1354 1617 alacer,

296 1647 383 1710 misit
405 1646 544 1726 lapidem
561 1645 601 1706 ad
618 1651 713 1725 caput
735 1646 804 1706 eius
820 1652 854 1706 ut
871 1645 1025 1708 libentius
1050 1647 1217 1710 dormiret.
1242 1648 1357 1712 Nullus

296 1750 383 1814 enim
406 1749 660 1812 Christianorum
683 1748 774 1812 illum
797 1754 873 1810 tunc
893 1749 1042 1812 occidere
1069 1751 1226 1826 audebat,
1253 1771 1357 1831 nequa

297 1854 366 1936 ipse
380 1852 615 1927 Rothnlandus,
632 1853 706 1934 quia
728 1853 800 1916 telis
821 1859 889 1916 erat
904 1853 988 1916 inter
1003 1854 1077 1917 illos
1093 1855 1254 1918 institutio
1269 1856 1358 1936 quod

298 1960 325 2022 si
348 1959 544 2022 Christianus
566 1958 755 2034 sarracene,
779 1959 830 2020 vel
852 1959 1047 2024 Sarracenos
1071 1960 1359 2024 Christiano'daret

298 2064 439 2138 trabam,
466 2064 573 2126 nullus
602 2065 630 2124 ei
655 2053 805 2128 iniuriam
827 2065 965 2138 faceret;
992 2067 1069 2128 etsi
1099 2066 1214 2146 aliquis
1235 2066 1359 2130 traham

300 2170 407 2236 datam
434 2174 507 2230 aute
533 2167 745 2231 diffidentiam
779 2169 950 2248 frangeret,
979 2171 1085 2234 statim
1113 2170 1358 2235 interficeretur.

301 2275 490 2338 Ferracutus
511 2292 661 2354 namque,
681 2279 852 2354 postquam
867 2275 943 2336 satis
960 2275 1122 2350 dormivit,
1139 2276 1311 2355 evigilavit,
1330 2281 1362 2338 et

302 2379 385 2444 sedit
405 2381 493 2440 iuxta
518 2396 592 2440 eum
617 2376 852 2452 Rothnlandus,
884 2384 916 2440 et
944 2379 1042 2460 coepit
1065 2397 1138 2440 eum
1163 2379 1360 2458 interrogare

302 2486 438 2570 qualiter
464 2485 506 2546 ita
529 2483 723 2548 fortissimus
739 2490 771 2546 et
793 2483 984 2546 durissimus
1000 2485 1189 2559 habebatur,
1205 2485 1281 2565 quia
1294 2484 1361 2562 gla-

303 2591 403 2665 dium,
418 2595 472 2652 aut
485 2587 638 2670 lapidem,
653 2594 707 2650 aut
720 2589 871 2651 baculum
886 2608 953 2650 non
965 2588 1168 2651 formidabat.
1183 2588 1360 2660 Vulnerari,

303 2688 517 2780 inquitgigas,
530 2715 595 2760 non
607 2714 752 2776 possum,
766 2697 827 2758 nisi
838 2715 895 2776 per
906 2697 1149 2760 umbilicum-
1158 2695 1363 2777 Loquebatur

304 2805 372 2885 ipse
386 2805 494 2883 lingua
512 2803 679 2882 hispanica
700 2821 795 2882 quam
816 2801 1039 2866 Rotholandus
1060 2804 1137 2864 satis
1151 2802 1360 2882 intelligebat.

303 2908 487 2988 Tuncgigas
502 2905 599 2986 coepit
612 2905 850 2968 Rotholandum
864 2907 1019 2987 aspicere,
1032 2913 1063 2968 et
1075 2907 1273 2986 interrogare
1289 2925 1361 2970 eum

305 3012 433 3076 dicens:
447 3011 491 3073 Tu
503 3017 608 3074 autem
619 3009 784 3090 quomodo
799 3010 1233 3083 vocaris‘l—Rotholandus,
1246 3009 1361 3089 inquit,

305 3138 415 3183 vocor.
428 3153 467 3162 -
478 3118 573 3180 Cuius
584 3116 722 3198 generis,
736 3116 841 3196 inquit
851 3115 950 3194 gigas,
965 3134 1011 3189 es,
1025 3116 1079 3194 qui
1094 3121 1158 3178 tam
1173 3115 1298 3178 fortiter
1312 3133 1364 3176 me

305 3228 492 3307 expugnas?
509 3260 548 3268 —
571 3223 768 3286 Francorum
788 3240 904 3301 genere
926 3221 1094 3296 oriundus,
1114 3222 1220 3302 inquit
1241 3221 1364 3286 Rothn-

305 3331 432 3404 landus,
448 3348 530 3392 sum.
548 3365 586 3374 -
599 3330 638 3390 ht
651 3329 841 3390 Ferracutus
853 3329 895 3389 ait
911 3347 917 3388 :
935 3328 1031 3390 Cuius
1046 3328 1125 3407 legis
1139 3334 1214 3390 sunt
1231 3327 1366 3390 Franci?

307 3472 346 3482 -
367 3436 548 3516 Respondit
567 3434 790 3497 Rotholandus
812 3454 818 3495 :
841 3434 1028 3496 Christianae
1050 3434 1146 3514 legis,
1170 3435 1227 3496 Dei
1251 3435 1364 3513 gratia,

308 3562 429 3616 sumus,
457 3548 488 3602 et
504 3539 618 3602 Christi
639 3540 782 3620 imperiis
799 3539 1002 3601 subiacemus
1024 3545 1055 3600 et
1077 3558 1135 3620 pro
1152 3541 1220 3604 eius
1240 3539 1315 3612 fide,
1331 3539 1365 3602 iu

308 3653 463 3730 quantum
495 3660 682 3726 possumus,
709 3643 919 3706 decertamus.
952 3643 1040 3705 Tunc
1068 3662 1226 3723 paganus,
1256 3642 1366 3704 audito

309 3747 425 3811 Christi
437 3746 580 3818 nomine,
596 3746 656 3806 ait:
676 3745 751 3818 Quis
761 3752 811 3806 est
821 3745 873 3807 ille
887 3745 1031 3806 Christus
1041 3744 1074 3804 in
1087 3762 1183 3824 quem
1194 3743 1366 3808 credis?-

309 3853 348 3916 Et
369 3850 591 3914 Rotholandus
611 3869 618 3912 :
643 3851 752 3926 Filius,
779 3851 893 3932 inquit,
910 3851 967 3912 Dei
987 3850 1098 3930 patris,
1122 3850 1177 3930 qui
1192 3868 1231 3912 ex
1244 3848 1367 3928 virgine

310 3958 462 4032 nascitur,
484 3975 579 4018 cruce
607 3947 736 4036 patitur,
759 3957 930 4038 sepulchro
952 3957 1115 4036 sepelitur,
1138 3961 1170 4018 et
1191 3954 1231 4016 ab
1255 3951 1368 4016 inieris

310 4063 402 4124 tertia
413 4061 465 4124 die
477 4061 695 4135 resuscitatur,
712 4060 794 4122 etad
808 4060 863 4122 Dei
876 4060 975 4140 patris
987 4060 1151 4121 dexteram
1167 4075 1263 4138 super
1280 4057 1368 4118 celos

313 4165 645 4248 regreditur—Tunc
659 4166 864 4228 Ferratutus:
879 4165 944 4228 Nos
961 4165 1133 4239 credimus,
1150 4164 1264 4244 inquit,
1281 4161 1369 4243 quod
