3042 4942
704 381 899 455 ...ffl-

274 535 392 606 carnis,
409 534 484 614 quia
501 551 615 595 omues
630 551 724 612 reges
741 533 889 594 carnales
902 537 979 613 post
995 532 1159 594 Christum
1173 533 1244 594 luce
1262 551 1336 594 orn-

275 638 364 700 uium
377 639 531 699 virtutum
545 643 577 698 et
589 637 732 698 scientiae
747 643 780 698 et
797 637 968 717 probitatis
979 637 1158 717 praecessit.
1174 636 1338 717 Turpinus

271 723 503 826 ¹interpretatur
524 743 773 823 pulcherrimus,
804 743 871 804 sire
892 763 960 805 non
987 745 1108 824 turpis,
1139 743 1215 823 quia
1230 743 1339 823 turpia

274 850 373 912 vcrba
386 855 418 911 et
431 867 530 930 opera
541 848 645 909 aliena
659 855 751 910 erant
765 848 901 929 abipso.
919 849 1017 911 Sexto
1034 829 1162 910 decimo
1177 848 1338 909 Kalendas

276 954 358 1026 tuni,
383 954 438 1015 illa
460 953 512 1015 die
538 954 661 1015 scilicet
689 973 753 1034 qua
778 953 818 1014 de
843 953 966 1016 mundo
994 954 1035 1016 ad
1058 954 1233 1016 Dominum
1248 959 1338 1015 tran-

275 1061 410 1132 sierunt,
445 1058 589 1119 osticium
624 1057 864 1131 detunctorum,
894 1059 1003 1138 vigilia
1027 1055 1158 1120 scilicet
1178 1065 1210 1119 et
1238 1059 1344 1120 missa.

275 1164 432 1246 Requicm
448 1164 627 1236 AEternam,
649 1181 724 1224 cum
743 1163 885 1243 propriis
908 1160 1076 1244 obsequiis
1090 1169 1122 1224 et
1134 1165 1225 1224 horis
1237 1164 1339 1225 dehet

275 1270 448 1339 celebrari,
479 1287 544 1330 uon
570 1269 676 1330 solum
695 1287 756 1349 pro
776 1267 882 1330 Karoli
902 1267 1064 1331 defunctis
1084 1268 1335 1350 pugnatoribus

276 1376 496 1438 verumetiam
512 1393 571 1455 pru
584 1374 635 1436 his
658 1375 810 1436 omnihus
829 1375 885 1455 qui
900 1395 918 1436 a
933 1382 1079 1456 tempore
1103 1375 1253 1437 eiusdem
1277 1376 1336 1436 Ka-

229 1487 233 1498 '
275 1481 335 1544 roli
361 1481 510 1562 usquein
531 1480 722 1544 hodiernum
748 1480 835 1542 diem
857 1482 891 1542 in
916 1481 1068 1562 Hispania
1082 1487 1114 1542 et
1138 1481 1336 1543 ierosolimi-

275 1587 358 1650 tanis
372 1587 437 1670 oris
452 1597 511 1668 pro
526 1585 643 1648 Christi
660 1585 724 1648 fide
745 1588 934 1670 martyrium
960 1593 1179 1668 sumpserunt.
1202 1587 1285 1660 Quot
1307 1592 1339 1649 et

275 1699 396 1775 quanta
414 1692 548 1755 Karalus
563 1710 622 1773 pro
641 1693 819 1754 animarum
842 1711 956 1754 corum
974 1693 1076 1754 salute
1098 1693 1151 1754 die
1175 1693 1337 1773 passionis

276 1799 465 1864 eorumdem
480 1799 590 1880 egenis
606 1817 684 1862 usus
708 1801 748 1860 sit
770 1799 947 1880 impertire,
968 1799 1117 1880 superius
1135 1797 1275 1878 legendo
1290 1797 1336 1860 ias

275 1905 486 1968 estititeniri.

780 2145 824 2214 B.

513 2374 657 2440 Ensrum
678 2394 780 2441 couno
801 2378 968 2442 Innocrnuu
989 2379 1089 2443 Pacu.

316 2621 523 2688 innocentius
543 2627 728 2710 episcopus,
757 2649 869 2693 servus
898 2649 1066 2694 servorum
1091 2633 1160 2707 Dei,
1179 2632 1338 2694 universis
1411 2685 1415 2690 .

276 2726 427 2793 Ecclesia
454 2731 529 2794 titiis
557 2733 692 2796 salutem
719 2741 751 2796 ct
776 2738 988 2817 apostolicam
1011 2736 1277 2800 benedictionem
1305 2737 1337 2796 in

278 2837 416 2902 Christo.

317 2941 408 3006 Hunc
431 2943 578 3006 codicem
594 2963 612 3006 a
628 2943 761 3007 domino
783 2943 870 3026 Papa
894 2945 1016 3008 Calixto
1040 2947 1191 3026 primitus
1215 2947 1340 3010 editum

278 3069 375 3134 quern
391 3049 589 3114 Pictarensis
603 3051 784 3114 aimericus
798 3051 958 3115 Picaudus
972 3053 1012 3114 de
1027 3051 1209 3116 Partiniacc
1222 3057 1339 3130 veteri,

278 3157 333 3240 qui
347 3155 444 3219 etiam
471 3153 618 3218 oliverus
642 3154 681 3217 dc
708 3155 825 3218 Yscani
845 3158 921 3219 ville
948 3158 1073 3222 Sanctae
1088 3159 1193 3223 hieriae
1212 3161 1340 3241 Magda-

279 3257 360 3322 tenae
370 3257 410 3321 de
425 3257 571 3321 Vitiliaco
586 3257 715 3334 dicitur,
735 3265 767 3321 et
780 3259 935 3341 Girherga
949 3261 1156 3325 Flandrensis
1171 3265 1259 3326 socia
1270 3265 1341 3326 eius

277 3381 338 3447 pro
357 3365 537 3429 animarum
551 3383 681 3429 suarum
693 3365 916 3448 redemptione
931 3375 1044 3430 sancto
1059 3368 1179 3431 laccho
1195 3370 1341 3432 Gaiecia-

279 3470 371 3532 nansi
392 3469 568 3544 dederunt,
591 3470 699 3533 verbis
719 3471 980 3547 veracissimum,
1005 3475 1132 3535 actione
1160 3474 1342 3554 pulcherri-

280 3593 379 3653 mum,
395 3577 435 3640 ab
456 3577 598 3641 heretica
618 3585 650 3640 et
668 3577 844 3658 apocripha
863 3579 1018 3659 pravitate
1036 3580 1188 3655 alienum,
1209 3587 1241 3642 et
1259 3581 1344 3644 inter

280 3683 518 3747 ecclesiasticos
534 3684 664 3746 codices
685 3685 894 3758 autenticum,
911 3691 943 3746 et
956 3701 1069 3748 cerum
1082 3686 1152 3748 fore
1168 3689 1344 3749 auctoritas

281 3797 392 3855 nostre
404 3789 498 3853 vobis
510 3791 711 3866 testificatur,
724 3793 1010 3854 excommunicans
1024 3799 1055 3854 et
1069 3793 1345 3856 anathematismis

281 3896 472 3959 auctoritate
487 3895 544 3957 Dei
555 3893 658 3957 Patris
673 3895 905 3974 omnipotentis
918 3899 950 3956 et
960 3891 1031 3957 nnn
1043 3905 1072 3958 et
1085 3897 1223 3978 Spiritus
1233 3894 1345 3959 Sancti

281 4001 355 4064 illos
369 4003 423 4084 qui
438 4002 508 4064 eius
522 4001 641 4064 latores
662 4001 696 4062 in
715 4001 831 4062 itinere
846 4001 948 4062 sancti
962 4001 1070 4064 lecobi
1084 4001 1168 4064 forte
1181 4003 1345 4083 inquieta·

236 4137 242 4148 ·
283 4108 358 4181 rint,
371 4107 421 4168 vel
435 4108 490 4191 qui
501 4108 540 4168 ab
553 4106 698 4170 ciusdem
709 4105 845 4190 apostoli
856 4104 1002 4180 basilice,
1013 4113 1186 4188 postquam
1196 4105 1243 4168 ibi
1254 4107 1347 4170 ubla-
