3042 4942
724 453 917 522 ..32-

292 601 408 680 inquit,
429 601 506 660 mihi
521 599 609 680 quod
629 599 722 672 dieis,
744 599 802 660 sed
817 599 954 679 qualiter
967 599 1066 660 homo
1079 599 1212 660 effeetus
1222 605 1281 672 est,
1298 599 1355 679 qui

293 705 378 766 Deus
389 711 468 778 erat,
483 706 612 784 penitus
629 706 754 784 ignoro.
770 703 887 778 -ltle,
907 705 1012 783 inquit
1037 703 1271 776 Rotholandus,
1299 705 1356 783 qui

263 861 270 882 ,
292 809 408 880 celum,
425 815 457 868 et
470 815 600 880 terram,
618 815 650 868 et
665 809 773 868 omnia
787 807 908 869 creavit
922 825 962 868 ex
979 808 1092 882 nihilo,
1115 809 1184 888 ipse
1202 807 1280 870 feeit
1294 809 1357 870 hu-

293 914 415 974 manari
429 913 531 973 filium
544 913 577 972 in
593 913 715 992 virgine
731 913 800 974 sine
811 913 1098 986 seminehumano,
1112 913 1169 975 sed
1181 914 1358 993 spiramine

293 1037 385 1080 saero
407 1037 477 1078 suo.
491 1017 578 1076 -tn
603 1018 685 1091 hoe,
709 1018 814 1096 inquit
835 1019 940 1096 gigas,
967 1017 1092 1091 laboro,
1123 1018 1259 1099 qualiter
1285 1019 1355 1079 sine

293 1124 435 1184 humano
463 1123 584 1182 semine
604 1124 757 1194 nascitur,
782 1129 816 1183 ut
833 1124 961 1195 asseris,
984 1123 1024 1183 de
1040 1125 1172 1202 virginis
1193 1129 1297 1184 utero.
1316 1160 1357 1170 -

291 1227 330 1288 Et
343 1226 566 1288 Rotholandus
587 1228 630 1288 ait
651 1247 658 1287 :
683 1227 768 1288 Deus
791 1229 846 1307 qui
868 1227 970 1289 Adam
995 1229 1064 1289 sine
1082 1230 1204 1289 semine
1222 1229 1354 1290 alterius

291 1332 433 1393 hominis
454 1332 614 1405 formavit,
632 1334 701 1413 ipse
716 1333 817 1393 filium
832 1352 925 1394 suum
940 1334 1010 1393 sine
1024 1335 1147 1395 semine
1162 1335 1301 1394 hominis
1314 1334 1355 1396 de

291 1438 415 1515 virgine
428 1438 517 1497 nasei
534 1435 621 1510 feeit,
639 1445 670 1498 et
686 1438 769 1498 sieut
788 1437 828 1498 de
845 1437 911 1498 Deo
925 1446 1017 1517 patre
1037 1440 1191 1512 nascitur,
1212 1440 1356 1500 nascitur

293 1542 362 1602 side
380 1548 492 1614 matre,
514 1542 560 1602 sie
573 1561 611 1602 ex
629 1549 730 1602 matre
744 1543 896 1616 nascitur,
913 1544 982 1604 sine
1002 1544 1132 1605 homine
1151 1550 1253 1624 patre.
1272 1544 1356 1604 Talis

292 1647 379 1707 enim
396 1645 489 1706 deeet
506 1652 615 1724 partus
636 1645 749 1706 Deum.
769 1645 930 1718 -Valde,
948 1647 1052 1726 inquit
1072 1648 1172 1726 gigas,
1195 1647 1354 1708 erubesco

293 1749 458 1830 quomodo
480 1749 569 1828 virgo
588 1749 657 1809 siue
679 1749 811 1810 homine
831 1750 952 1828 genuit.
971 1785 1010 1794 -
1025 1750 1091 1822 lite,
1110 1751 1215 1831 inquit
1229 1750 1354 1811 Retho-

293 1857 427 1931 landus‚
455 1857 509 1936 qui
536 1856 619 1917 fabae
642 1857 867 1936 gurgulionem
898 1863 930 1917 et
957 1858 1064 1918 arbori
1099 1864 1131 1918 et
1157 1858 1249 1936 glisei
1279 1857 1358 1919 feeit

293 1962 423 2040 gignere
448 1978 608 2032 vermem,
634 1967 666 2020 et
688 1960 806 2021 multos
828 1962 935 2040 pisces
960 1968 992 2022 et
1013 1961 1155 2022 vultures
1171 1968 1202 2022 et
1226 1979 1303 2039 apes
1325 1967 1358 2022 et

295 2071 461 2145 serpentes
487 2066 556 2125 sine
581 2065 726 2127 masculo
749 2068 871 2127 semine
895 2066 973 2128 facit
996 2085 1108 2146 parere
1126 2067 1268 2146 prolem,
1287 2068 1356 2146 ipse

294 2171 452 2249 virginem
469 2166 621 2230 intactam
636 2171 757 2252 absque
771 2173 855 2232 virili
873 2173 995 2232 semine
1010 2171 1087 2232 feeit
1107 2173 1238 2250 gignere
1254 2172 1355 2233 iteum

295 2282 327 2336 et
346 2275 523 2336 hominem.
549 2275 608 2346 Qui
629 2277 771 2355 primum
797 2278 964 2338 hominem
982 2279 1051 2337 sine
1070 2277 1200 2338 alterius
1220 2277 1355 2349 semine,

295 2387 330 2442 ut
344 2379 421 2450 dixi,
436 2378 523 2453 feeit,
539 2379 633 2440 facile
655 2383 760 2459 potuit
771 2381 877 2442 faeere
900 2387 935 2441 ut
956 2382 1041 2442 tilius
1056 2382 1125 2448 eius
1140 2381 1238 2442 homo
1253 2381 1357 2442 taetus

296 2485 336 2546 de
358 2485 480 2564 virgine
504 2485 572 2546 sine
592 2485 771 2546 masculino
792 2486 964 2547 eoneubitu
984 2493 1181 2548 nasceretur.
1198 2522 1237 2530 -
1256 2486 1354 2558 Bene,

295 2591 400 2670 inquit
418 2589 619 2663 Ferraeutus,
641 2597 832 2669 potestesse
852 2593 926 2671 quia
946 2592 985 2652 de
1000 2593 1123 2671 virgine
1138 2598 1230 2653 natus
1247 2592 1355 2666 fuerit,

298 2695 355 2756 sed
370 2696 395 2755 si
414 2695 501 2756 filius
519 2695 576 2756 uei
599 2695 676 2769 fuit,
701 2703 736 2757 ut
755 2699 883 2771 asseris,
907 2698 1089 2759 nullatenus
1106 2699 1139 2759 in
1156 2717 1251 2760 eruce
1273 2699 1372 2781 mori¹

296 2801 419 2880 potuit;
436 2801 537 2873 nasei,
553 2807 588 2861 ut
601 2800 694 2874 dieis,
711 2803 829 2882 potuit,
847 2802 915 2876 sed,
928 2805 954 2863 si
966 2803 1050 2864 Deus
1063 2803 1134 2876 fuit,
1152 2822 1357 2884 nequaquam

298 2905 379 2965 mori
394 2905 516 2984 potuit:
540 2904 625 2966 fleus
640 2905 726 2966 enim
743 2925 905 2986 nunquam
922 2908 1069 2968 moritur.
1087 2943 1124 2952 -
1140 2907 1237 2980 Beue,
1253 2908 1360 2987 iuquit

297 3009 540 3084 Rotholandus,
565 3009 693 3083 dixisti,
716 3011 851 3090 quiade
875 3013 996 3090 virgine
1022 3013 1109 3073 nasci
1134 3013 1250 3092 potuit.
1273 3011 1357 3073 Eece

297 3115 373 3195 quia
393 3132 469 3174 vero
493 3114 593 3176 homo
614 3120 708 3176 natus
732 3113 803 3176 fuit.
825 3115 857 3175 Si
876 3123 971 3176 natus
996 3121 1045 3176 est
1067 3123 1101 3177 nt
1123 3116 1233 3189 hemo,
1260 3118 1359 3196 igitur

298 3225 446 3281 mortuus
460 3226 510 3280 est
528 3227 562 3280 ut
581 3220 690 3292 homo,
707 3221 782 3300 quie
796 3221 903 3282 ernnis
916 3223 971 3301 qui
985 3223 1137 3295 nascitur,
1159 3223 1307 3284 moritur.
1325 3223 1358 3284 st

299 3324 499 3386 eredendum
521 3331 569 3386 est
597 3326 771 3400 nativitati,
798 3327 895 3404 igitur
920 3327 1119 3389 eredendum
1141 3335 1189 3390 est
1212 3329 1358 3408 passioni

299 3428 440 3489 simulet
454 3430 694 3490 resurrectioni.
707 3466 746 3474 -
759 3429 940 3500 Quomodo.
957 3433 1061 3511 inquit
1076 3432 1276 3507 Ferreeutus,
1292 3453 1359 3496 ere-

299 3533 441 3596 dendum
454 3540 504 3596 est
518 3535 770 3596 resurrectioni?
785 3570 823 3579 -
844 3535 938 3607 Quia,
952 3537 1056 3616 inquit
1076 3536 1315 3622 Rotholapdus,
1330 3540 1358 3601 is

300 3641 353 3721 qui
366 3641 519 3714 nascitur,
532 3640 679 3712 moritur,
691 3647 722 3700 et
733 3641 787 3720 qui
798 3641 944 3713 moritur,
955 3643 1047 3702 tertia
1060 3643 1111 3703 die
1121 3637 1309 3704 vivificatur.
1321 3681 1360 3690 —

298 3746 386 3809 Tune
399 3747 502 3826 gigas,
518 3746 627 3808 audito
641 3747 757 3821 verbo,
776 3748 907 3809 miratus
920 3754 968 3808 est
981 3749 1134 3822 multum,
1151 3749 1293 3830 dixitque
1307 3751 1336 3811 ei
1350 3771 1357 3813 :

299 3851 516 3934 Rotholande,
532 3870 589 3913 eur
603 3857 651 3912 tot
667 3852 764 3912 verba
779 3852 885 3912 inania
901 3852 978 3913 mihi
994 3853 1143 3932 profers?
1156 3854 1360 3935 Impossibile

300 3963 348 4020 est
360 3964 393 4018 ut
403 3957 502 4018 homo
513 3963 660 4018 mortuus
671 3956 777 4018 denuo
789 3955 829 4016 ad
838 3957 935 4018 vitam
944 3965 1098 4038 resurgat.
1110 3959 1228 4021 -Non
1241 3960 1357 4034 solum,

299 4063 404 4143 inquit
418 4062 651 4138 Rotholandus,
678 4062 733 4123 Dei
750 4062 834 4123 filius
854 4082 870 4123 a
887 4064 1022 4125 mortuis
1041 4066 1230 4138 resurrexit,
1247 4083 1360 4130 verum
1400 4061 1403 4066 ’

301 4168 396 4228 etiam
412 4186 525 4229 omnes
538 4167 687 4229 homines
701 4168 756 4248 qui
771 4167 901 4228 fuerunt
915 4167 954 4229 ab
970 4169 1061 4230 initio
1077 4189 1178 4250 usque
1193 4169 1233 4231 ed
1248 4170 1357 4244 finem,
