3042 4942
718 432 914 503 ..38-

284 581 362 642 orbe
378 579 492 640 merito
506 577 618 656 religio
632 576 808 638 christiane
822 577 967 636 venerari
983 574 1147 654 praecipue
1163 573 1346 634 consuevit:

283 697 450 745 romanam
474 681 613 753 scilicet,
637 681 835 758 galesianum
859 685 890 740 et
910 679 1129 759 ephesianam.
1155 677 1347 738 Sicutenim

282 796 348 852 tres
364 787 540 870 apostolos,
558 784 687 847 Petrum
704 785 840 858 scilicet,
863 784 1017 846 Iacobum
1037 790 1069 844 et
1083 783 1260 845 lobannem
1279 799 1347 862 prae

283 893 434 954 omnibus
450 890 606 971 apostolis
616 886 773 951 Dominus
787 890 926 951 instituit
947 889 1065 969 qulbus
1081 905 1139 950 sua
1154 893 1278 949 secreta
1291 905 1346 948 ee·

282 996 359 1057 teris
369 995 508 1075 plenius,
522 999 556 1054 ut
567 993 599 1052 in
611 992 792 1071 Evangeliis
803 998 900 1072 patet,
910 992 1075 1065 revelavit,
1086 992 1133 1053 sie
1143 1009 1201 1070 per
1210 1009 1267 1052 eos
1279 995 1346 1051 tres

282 1099 447 1162 hesSedes
458 1098 796 1179 praeomnibuseosmi
807 1097 946 1160 Sedibus
958 1097 1154 1172 reverendas
1162 1096 1343 1157 constituit.

282 1203 321 1264 Et
334 1203 450 1264 merito
465 1203 515 1264 lrae
532 1201 632 1264 Sedes
648 1201 800 1262 dicuntur
814 1201 1022 1282 principales,
1036 1201 1123 1281 quie,
1140 1201 1224 1262 sieut
1235 1189 1346 1260 hi'tres

239 1308 248 1320 ’
283 1309 420 1389 apastoli
436 1307 709 1387 dignitatisgratia
719 1313 844 1368 eeteros
856 1313 1093 1387 praecesserunt
1106 1307 1283 1386 apostoles,
1297 1306 1345 1367 sie

281 1413 355 1473 loca
370 1411 423 1472 ille
438 1415 643 1472 sacrosancte
663 1411 697 1470 in
712 1409 830 1489 quibus
848 1410 1077 1490 praedicarunt,
1094 1417 1127 1471 et
1142 1409 1259 1492 sepulti
1274 1409 1345 1470 fue-

283 1523 369 1590 runt,
391 1515 555 1595 dignitatis
580 1514 770 1576 excellentia
788 1525 901 1576 omnes
919 1516 1018 1577 totius
1038 1515 1127 1576 urbis
1152 1514 1252 1576 Sedes
1276 1515 1346 1574 iure

283 1622 467 1704 praesedere
481 1621 610 1688 debeat.
627 1611 698 1682 iure
711 1621 813 1682 Rama
826 1621 927 1682 Sedes
941 1621 1118 1702 apostoliea
1132 1621 1235 1701 prima
1249 1619 1346 1700 poniss

283 1734 347 1802 tur,
364 1728 438 1808 quia
460 1743 532 1787 eam
553 1725 705 1806 princeps
730 1726 951 1806 apostolorum
975 1727 1087 1798 Petrus
1112 1725 1345 1806 praedieatione

284 1839 383 1895 suaet
397 1833 529 1912 proprio
545 1832 700 1910 sanguine
716 1837 747 1892 et
762 1832 926 1911 sepultura
941 1831 1112 1893 dedicavit.
1126 1830 1346 1910 Compostella

283 1955 412 2020 quoque
433 1937 532 1999 Sedes
548 1937 691 1998 secunda
704 1937 819 1998 merito
844 1937 973 2011 dieitur,
991 1937 1066 2016 quia
1079 1936 1193 1998 beatus
1208 1935 1344 1997 lacobus

284 2045 338 2124 qui
353 2045 438 2104 inter
452 2048 577 2104 ceteras
592 2037 756 2122 apostulos
768 2043 932 2122 praeaipue
948 2042 1102 2129 dignitate
1116 2048 1147 2102 et
1168 2041 1294 2102 horrare
1308 2059 1345 2101 ae

281 2148 450 2209 honestate
469 2147 571 2208 maior
583 2152 658 2226 post
678 2146 808 2208 beatum
822 2147 952 2208 Petrum
964 2147 1077 2221 extitit,
1094 2151 1125 2208 et
1140 2147 1172 2207 in
1188 2146 1268 2207 uelis
1281 2145 1346 2226 pri-

282 2257 403 2313 matum
419 2266 515 2331 super
529 2251 601 2313 illos
624 2259 722 2326 tenet,
745 2253 835 2332 prius
850 2253 1002 2333 martyrio
1023 2252 1186 2313 laureatus
1201 2269 1272 2312 eam
1287 2269 1352 2312 sua·

282 2355 513 2436 praedieatione
529 2356 604 2417 olim
620 2357 767 2430 munivit,
785 2356 949 2437 sepultura
964 2375 1021 2418 sua
1037 2357 1251 2418 sacratissima
1267 2373 1345 2417 eon·

283 2461 431 2534 sacravit,
457 2464 489 2521 et
514 2459 677 2520 miraculis
694 2459 798 2521 adhue
820 2461 1004 2540 perlustrat,
1026 2467 1057 2522 et
1080 2459 1343 2522 indeficientibus

281 2563 448 2626 benefieiis
468 2565 688 2625 indesinenter
702 2564 806 2642 ditare
825 2583 891 2627 non
908 2572 1024 2627 desset.
1037 2566 1152 2636 ¹Tertia
1168 2566 1268 2627 Sedes
1282 2567 1343 2626 rite

282 2671 427 2751 Ephesus
453 2671 581 2745 dieitur,
605 2671 680 2751 quia
705 2669 818 2733 beatus
836 2671 996 2744 lebannes
1022 2655 1275 2752 evangelistam
1305 2691 1342 2734 ea
1420 2685 1422 2688 ·

282 2775 482 2854 evangelium
497 2787 602 2848 suum,
620 2775 758 2836 seilicet:
776 2777 808 2836 in
827 2777 988 2856 principio
1002 2783 1071 2838 erut
1083 2777 1229 2849 verbum,
1247 2791 1342 2837 erue-

281 2881 371 2954 tavit‚
388 2880 568 2942 coadunata
582 2881 810 2960 episcoporum
825 2882 965 2942 coneilio
979 2899 1062 2962 quos
1079 2883 1148 2961 ipse
1163 2899 1221 2961 per
1243 2882 1342 2942 urbes

282 2987 496 3067 disposuerat,
523 3003 604 3066 quos
631 2987 727 3046 etiam
748 2987 780 3046 in
805 2987 989 3067 Apocalipsi
1009 3007 1065 3048 sua
1081 2987 1212 3066 angelos
1234 2995 1340 3061 vocat,

281 3107 416 3174 eamque
434 3091 580 3153 doctrina
596 3109 653 3153 sua
665 3098 697 3152 et
709 3093 885 3166 miraculis,
902 3097 934 3154 et
947 3093 1126 3167 basilicam,
1142 3111 1239 3172 quarn
1255 3093 1289 3152 in
1304 3109 1342 3153 ea

282 3196 462 3270 edificavit,
480 3197 579 3256 immo
593 3196 724 3276 proprie
740 3197 905 3276 sepultura
920 3197 1132 3258 consecravit.
1147 3195 1179 3256 Si
1194 3211 1270 3275 ergo
1286 3195 1342 3256 ali-

282 3319 344 3380 qua
358 3299 478 3360 iudicia
494 3306 547 3360 aut
571 3298 679 3359 divina
698 3305 751 3360 aut
774 3299 915 3361 humana
935 3301 968 3360 in
994 3300 1064 3361 aliis
1087 3299 1225 3360 Sedibus
1251 3298 1341 3361 orbis

283 3423 340 3466 sua
354 3403 542 3465 difficultate
554 3404 719 3464 terminari
732 3403 813 3466 forte
830 3411 1005 3484 nequeunt,
1020 3405 1053 3465 in
1064 3403 1115 3466 ilis
1130 3404 1233 3465 tribus
1251 3403 1342 3464 Sedi-

282 3509 343 3570 bus
359 3508 487 3570 traetari
510 3511 542 3568 et
562 3505 688 3568 definiri
708 3507 749 3586 (l)
771 3508 913 3587 legitime
934 3513 967 3569 et
980 3509 1064 3570 iuste
1082 3505 1212 3569 debent.
1230 3507 1340 3586 ltaque

282 3613 409 3675 Galecie
427 3613 460 3672 in
476 3612 589 3692 primis
609 3612 811 3691 temporibus
827 3631 843 3672 a
857 3612 1042 3674 Sarracenis
1057 3612 1206 3692 expedita
1221 3594 1340 3673 virtute

282 3719 338 3779 Dei
353 3725 384 3778 et
396 3717 480 3778 beati
497 3715 615 3789 lasabi,
633 3722 665 3776 et
681 3717 799 3777 auxilio
810 3717 928 3791 Kuruli,
945 3723 1071 3779 constat
1085 3717 1220 3778 honesta
1235 3733 1340 3795 usque
1439 3751 1443 3758 ·

281 3823 314 3884 in
328 3821 522 3883 budiernum
534 3821 620 3882 diem
634 3821 667 3881 in
683 3821 745 3882 fide
761 3820 952 3883 orthodoxa.

314 4055 353 4118 (r)
370 4052 402 4102 rs
417 4067 423 4100 :
437 4049 554 4102 uinum.
