3042 4942
708 424 903 494 „44-

276 569 429 643 cievailiS,
446 589 507 649 qua
522 569 566 629 illi
582 570 760 649 pergebant
774 571 826 649 qui
853 575 965 648 portus
990 568 1127 628 transire
1148 568 1333 647 cupiebant.

275 675 363 736 Tunc
376 673 520 734 insonuit
534 672 611 733 tuba
626 692 683 733 sua
696 668 849 744 cburnca,
866 672 906 733 ad
924 673 1016 734 cuius
1033 689 1147 732 vocem
1168 671 1336 733 redierunt

276 779 315 841 ad
330 797 431 840 cume
447 777 634 839 Christianis
650 777 779 838 circiter
794 783 934 850 centum,
954 795 1027 838 cum
1042 776 1161 856 quibus
1178 783 1263 837 retro
1278 795 1336 857 per
1438 811 1445 818 -

275 904 408 946 nemora
419 902 529 946 versus
540 883 735 944 Sarracenos
749 901 851 962 usquc
867 882 907 943 ad
920 881 1132 944 Sarracenum
1148 901 1268 944 nexum
1283 901 1334 945 re-

276 991 345 1064 diit,
359 1008 454 1070 quem
466 989 560 1051 citius
572 1009 589 1049 a
600 987 737 1050 vinculis
751 987 900 1062 absolvit,
914 993 945 1048 ct
956 988 1091 1050 elevavit
1106 994 1230 1069 spatam
1243 1008 1334 1051 suam

275 1112 373 1173 super
392 1098 487 1172 caput
509 1091 577 1152 eius
602 1090 737 1153 dicens:
761 1089 793 1150 Si
815 1109 943 1153 mecum
966 1093 1093 1154 veneris
1116 1097 1148 1152 et
1167 1092 1332 1155 Marsirum

275 1199 372 1260 michi
385 1199 668 1272 demonstraveris,
682 1199 789 1260 vivum
803 1205 834 1259 tc
848 1199 1019 1274 dimittam,
1035 1200 1179 1280 alioquin
1191 1206 1222 1261 tc
1235 1201 1334 1278 inter-

274 1305 391 1365 ficiam.
410 1340 449 1348 -
471 1304 541 1364 Non
556 1304 643 1365 enim
664 1304 882 1383 cognoscebat
906 1303 1132 1366 Rotholandus
1152 1304 1331 1368 Marsirum.

275 1411 363 1472 lllico
377 1411 434 1472 ivit
448 1409 642 1471 Sarracenus
660 1410 713 1470 ilie
736 1428 808 1473 cum
823 1428 875 1483 eo,
892 1416 924 1471 et
939 1411 1081 1472 ostendit
1105 1413 1190 1473 inter
1206 1413 1334 1492 agmina

274 1514 473 1576 sarracenica
488 1513 615 1592 alonge
632 1512 798 1573 Marsirum
824 1531 898 1573 cum
914 1532 998 1593 aquo
1018 1515 1090 1582 rufo
1107 1520 1138 1575 at
1152 1515 1258 1595 clipeo
1280 1535 1333 1576 ro-

274 1620 386 1681 tundo.
399 1619 486 1680 Tunc
497 1617 732 1690 Rotholandus,
747 1617 803 1678 illo
817 1617 962 1690 dimisso,
975 1620 1133 1680 animatus
1145 1619 1185 1680 ad
1197 1620 1331 1695 bellum,

273 1726 445 1805 resumptis
460 1723 581 1785 viribus
596 1723 664 1797 Dei,
687 1741 760 1784 cum
776 1723 826 1783 bis
841 1743 923 1803 quos
944 1742 1054 1785 secum
1069 1725 1221 1799 habebat,
1239 1727 1334 1788 irruit

273 1831 360 1892 illico
378 1849 474 1911 super
493 1829 699 1901 Sarracenos,
718 1834 749 1888 et
769 1827 848 1889 vidit
873 1829 1047 1908 quamdam
1068 1831 1152 1891 inter
1170 1831 1255 1903 ¹alios
1278 1833 1332 1912 qui

273 1943 341 1998 erat
354 1942 474 1998 statura
496 1936 598 1996 maior
622 1935 703 2007 aliis,
726 1941 758 1995 et
772 1954 837 1996 uno
854 1935 918 1996 ictu
935 1937 1037 1996 secuit
1056 1936 1147 2002 iilum
1164 1942 1196 1997 et
1211 1955 1332 2016 equum

273 2044 341 2104 cius
366 2062 423 2122 per
447 2042 586 2103 medium
604 2043 734 2122 propria
754 2047 842 2120 spata
858 2061 875 2101 a
890 2060 1016 2104 summo
1038 2061 1141 2122 usquc
1167 2043 1331 2118 deorsum,
1419 2025 1424 2034 ’

272 2147 315 2208 ita
340 2153 375 2208 ut
405 2166 467 2208 una
493 2163 567 2224 pars
596 2145 763 2207 Sarraceni
789 2151 820 2205 et
845 2146 917 2224 equi
952 2146 1021 2206 eius
1048 2147 1167 2208 cecidit
1190 2147 1230 2208 ad
1259 2146 1334 2209 dex-

271 2261 385 2324 teram,
407 2252 519 2312 atalia
541 2251 580 2312 ad
603 2251 727 2311 laevam.
755 2249 848 2322 Quod
867 2251 967 2311 ut-alii
984 2250 1150 2312 Sarraceni
1168 2252 1330 2326 viderunt,

270 2358 358 2418 illico
380 2352 545 2417 Marsirum
568 2373 641 2416 cum
668 2355 780 2434 paucis
804 2355 835 2414 in
860 2372 974 2434 campo
1001 2355 1198 2416 dimittentes
1220 2354 1332 2435 fugere

270 2463 673 2542 buciliucquecoepcrunt.
690 2459 995 2521 MoxRotholandus
1016 2460 1073 2520 Dei
1089 2461 1205 2522 virtute
1230 2461 1331 2524 fretus
1418 2477 1422 2482 '
1514 2451 1515 2475 ¹

269 2569 399 2629 intravit
423 2569 506 2628 inter
527 2567 612 2628 acics
638 2567 886 2627 Sarracenorum
909 2585 915 2626 :
937 2566 1011 2626 illos
1039 2565 1079 2627 ad
1108 2565 1271 2628 dexteram
1299 2573 1332 2628 et

271 2675 311 2737 ad
340 2676 454 2736 laevam
479 2672 724 2753 praecipitando,
755 2677 976 2752 consequutus
1006 2677 1054 2733 est
1084 2672 1250 2745 Marsirum
1279 2673 1330 2735 fu-

269 2783 408 2862 gientem
436 2787 467 2841 ct
486 2780 609 2860 potenti
628 2778 685 2839 Dei
709 2778 825 2838 virtute
851 2778 942 2838 illum
969 2779 1052 2839 inter
1075 2779 1155 2840 alios
1177 2781 1327 2858 peremit.
1383 2787 1386 2794 '

268 2889 355 2948 Tunc
370 2888 402 2948 in
417 2886 532 2948 eodem
555 2885 640 2946 bello
663 2890 793 2945 centum
807 2884 885 2946 socii
904 2882 1100 2946 Rotholandi
1116 2903 1197 2964 quos
1218 2903 1329 2947 secum

269 2995 413 3066 duxerat,
446 2990 604 3053 interfecti
637 2997 722 3064 sunt,
752 2996 784 3051 ct
811 2989 898 3050 idem
931 2988 1155 3065 Rotboiandus
1189 2997 1330 3071 quatuor

212 3120 217 3128 ·
268 3099 389 3160 lanceis
413 3097 608 3169 vulneratus,
634 3093 850 3174 et'lapidibus
876 3095 1015 3173 graviter
1038 3113 1211 3174 percussus
1234 3102 1266 3157 et
1286 3103 1331 3158 at·
1400 3145 1405 3152 .

268 3204 373 3275 tritus,
392 3202 502 3262 evasit.
526 3200 595 3261 Mox
619 3206 654 3261 ut
676 3187 869 3277 Beligandus
893 3217 1005 3260 necem
1033 3200 1165 3261 Marsirii
1185 3202 1327 3279 agnovit,

268 3326 342 3368 cum
368 3306 437 3366 aliis
462 3304 646 3365 sarracenis
671 3303 710 3364 ab
730 3303 793 3363 iliis
817 3303 882 3363 oris
906 3303 992 3364 illico
1010 3305 1153 3366 recessit.
1173 3303 1334 3368 Tedricus‘

267 3429 343 3471 vero
359 3415 391 3470 et
403 3408 590 3480 Balduinus,
607 3413 642 3468 ut
655 3406 874 3486 praediximus,
892 3412 924 3466 et
941 3407 993 3466 aiii
1010 3407 1141 3487 quidam
1157 3408 1328 3470 Christiani

266 3532 324 3594 per
346 3531 478 3574 nemora
499 3512 562 3572 buc
585 3511 725 3590 illucque
746 3510 883 3590 dispersi
907 3516 939 3571 et
959 3511 1122 3590 perterriti
1147 3511 1328 3588 latitabant,

267 3621 319 3684 alii
334 3640 410 3682 vero
422 3625 535 3701 portus
559 3618 768 3680 transiebant.
787 3618 920 3680 Karolus
936 3637 1012 3680 vcro
1028 3639 1102 3681 cum
1118 3620 1184 3681 suis
1203 3621 1329 3682 exarci-

266 3725 352 3789 tibus
375 3729 438 3788 iam
463 3726 582 3787 montis
608 3724 733 3804 fastigia
755 3725 935 3799 transierat,
960 3732 991 3786 ct
1014 3745 1085 3805 quae
1107 3731 1182 3805 post
1201 3732 1328 3805 tergum

265 3835 349 3896 iacta
363 3834 508 3906 fuerant,
529 3830 710 3910 ignorabat.

303 3941 392 4002 Tunc
415 3936 639 4000 Rotholandus
658 3941 747 3997 tanto
770 3935 856 3996 bello
878 3934 1039 4015 fatigatus,
1056 3935 1096 3997 de
1113 3955 1193 3998 nece
1216 3935 1327 3998 Chris·

262 4050 425 4110 tianorum
445 4050 476 4106 et
494 4049 656 4105 tantorum
674 4041 811 4102 heroum
831 4040 958 4115 dolens,
984 4041 1235 4103 Sarracenorum
1252 4042 1328 4104 icti-

262 4158 323 4220 bus
336 4155 461 4236 magnis
479 4160 510 4216 et
527 4150 792 4234 percussionibus
817 4151 958 4230 acceptis
980 4149 1135 4224 afflictus,
1155 4167 1260 4230 usque
1284 4152 1328 4214 ad
