3042 4942
756 426 951 497 -20,

811 715 896 786 Kll.

362 959 406 1020 Da
425 975 511 1020 axrxs
526 976 627 1019 russis
642 977 678 1019 nr
695 977 733 1018 aa
752 968 964 1030 orsrurxrrarvn
983 957 1097 1019 Kxnon
1114 976 1151 1018 nr
1168 958 1342 1020 Axaoxxnnr.

362 1185 471 1266 ltaque
487 1186 568 1248 datis
584 1187 668 1248 inter
685 1207 719 1248 se
738 1175 855 1262 trebis,
873 1169 1020 1266 egressus
1035 1194 1084 1250 est
1098 1186 1296 1267 Aigalandus
1312 1204 1387 1246 cum

323 1291 389 1352 suis
409 1292 602 1354 exercitibus
618 1294 657 1353 ab
675 1293 766 1366 urbe,
783 1298 815 1354 et
830 1293 972 1355 dimissis
989 1294 1052 1355 illis
1066 1290 1154 1355 iuxta
1170 1293 1285 1354 urbem
1299 1292 1389 1352 venit

323 1414 396 1456 oum
413 1397 575 1476 sexaginta
597 1417 635 1458 ex
660 1399 836 1460 maioribus
853 1401 919 1461 suis
941 1405 1013 1461 ante
1037 1400 1143 1461 Karoli
1167 1397 1310 1460 tribunal
1331 1397 1386 1476 qui

323 1519 397 1561 eum
411 1501 476 1561 suis
491 1501 686 1563 exercitibus
702 1520 767 1563 uno
787 1503 936 1563 milliario
953 1503 992 1564 ab
1006 1504 1086 1564 urbe
1105 1502 1255 1576 distabat,
1274 1507 1306 1562 et
1320 1507 1389 1562 erat

322 1610 399 1666 tunc
423 1605 581 1667 exercitus
608 1606 778 1686 Aigolandi
812 1615 843 1668 et
870 1609 1029 1670 exercitus
1055 1607 1161 1669 Karoli
1186 1609 1216 1666 ia
1245 1606 1387 1692 quodam

316 1708 419 1788 'plano
434 1708 508 1770 loco
526 1714 556 1769 et
572 1710 696 1788 optimo
716 1711 770 1789 qui
785 1717 833 1771 est
848 1711 935 1772 iuxta
949 1711 1078 1785 urbem,
1094 1711 1218 1772 babens
1233 1711 1265 1771 in
1282 1710 1386 1788 longi-

322 1812 434 1874 tudine
450 1820 481 1874 et
501 1813 671 1875 latitudine
691 1833 746 1876 sex
766 1816 924 1877 milliaria.
940 1816 997 1877 Via
1018 1816 1199 1877 iacobitana
1221 1815 1388 1877 dividebat

323 1925 496 1997 utrumque
512 1920 700 1981 exercitum.
717 1920 804 1984 Tunc
820 1921 900 1982 dixit
924 1922 1057 1983 Karalus
1071 1921 1251 2001 Aigolando
1267 1941 1273 1982 :
1291 1921 1334 1982 Tu
1352 1941 1386 1982 es

323 2023 520 2102 Aigolandus
538 2025 592 2105 qui
617 2031 732 2087 terram
749 2045 855 2087 meam
878 2025 1099 2087 fraudulenter
1115 2045 1196 2086 ame
1213 2026 1383 2088 abstulisti.

324 2129 481 2193 Tellurem
497 2132 697 2213 hispanicam
708 2138 744 2195 et
759 2133 964 2213 gasconicam
979 2133 1113 2195 braobio
1127 2124 1307 2194 invincibili
1328 2151 1385 2212 po-

324 2238 432 2299 tentiae
448 2238 502 2298 Dei
521 2240 695 2320 acquisivi,
713 2239 895 2302 christianis
910 2219 1036 2318 legibus
1056 2239 1240 2318 subiugavi,
1258 2257 1385 2300 omnes-

325 2361 386 2424 que
401 2342 470 2404 eius
487 2361 579 2422 reges
599 2362 671 2405 meo
692 2345 828 2425 imperio
846 2345 1001 2405 converti.
1025 2344 1069 2406 Tu
1087 2351 1193 2406 antem
1213 2345 1268 2404 Dei
1285 2344 1386 2404 cbris-

323 2449 445 2524 tiaaoS,
463 2468 514 2510 me
533 2449 573 2511 ad
593 2449 726 2511 Galliam
741 2457 922 2542 remeante,
945 2451 1125 2530 peremisti,
1142 2449 1231 2511 meas
1246 2449 1343 2510 urbes
1357 2454 1387 2510 et

324 2558 453 2620 castella
468 2558 665 2632 destruxisti,
679 2564 844 2638 totamque
859 2564 977 2619 terram
992 2559 1066 2637 igne
1079 2564 1110 2618 et
1124 2557 1385 2636 gladio-vastasti,

324 2663 409 2725 unde
425 2665 561 2726 multum
576 2682 761 2744 conqueror
775 2665 808 2724 in
823 2664 986 2744 praesenti.
1005 2699 1043 2708 —-
1055 2663 1126 2726 Mox
1143 2669 1177 2724 ut
1190 2663 1388 2743 Aigolaudus

325 2769 454 2846 agnovit
464 2768 626 2848 loquelam
642 2787 732 2828 suam
744 2767 916 2842 arabicam,
930 2787 1026 2849 quam
1038 2769 1172 2830 Karalus
1185 2767 1387 2848 loquebatur,

324 2873 456 2935 miratus
470 2878 518 2934 est
532 2873 668 2934 multum
690 2879 721 2935 et
741 2875 869 2954 gavisus
885 2881 944 2936 est.
973 2873 1136 2936 Didicerat
1152 2874 1238 2935 enim
1253 2873 1390 2935 Karalus

297 3043 299 3050 Α
323 2979 465 3060 linguam
486 2980 720 3042 sarracenioam
744 2979 829 3061 apud
855 2980 968 3042 urbem
991 2979 1136 3041 Toletum
1159 2979 1191 3040 in
1219 2999 1297 3061 qua,
1314 2999 1389 3041 cum

324 3093 409 3150 esset
429 3087 569 3161 iuvenis,
589 3086 752 3167 aliquanto
773 3093 918 3166 tempore
934 3075 1152 3147 commoratus
1168 3092 1227 3147 est.
1242 3085 1330 3146 Tunc
1347 3087 1392 3147 ait

324 3193 521 3272 Aigolandns
535 3192 672 3255 Karolo:
693 3191 847 3265 Obsecro,
864 3191 985 3272 inquit,
1003 3196 1038 3252 ut
1060 3191 1138 3251 mibi
1160 3197 1284 3253 tantum
1300 3191 1391 3252 dicas

325 3318 382 3362 aur
395 3306 512 3361 terram
525 3318 596 3378 quae
609 3299 677 3360 iure
690 3299 884 3360 hereditario
897 3297 955 3358 tibi
967 3317 1032 3359 non
1047 3298 1215 3377 contingit,
1232 3304 1286 3358 aut
1299 3303 1392 3377 pater

325 3413 411 3478 tuus,
428 3411 481 3466 aut
496 3415 581 3478 avus,
599 3410 651 3465 aut
664 3405 794 3478 abavus,
812 3411 865 3466 aut
880 3411 989 3465 atavus
1001 3385 1065 3464 non
1078 3403 1234 3484 possedit,
1248 3423 1265 3464 a
1280 3410 1393 3464 nostra

324 3517 417 3591 gente
433 3495 602 3572 abstulisti.
616 3546 654 3554 -
666 3510 753 3583 Ideo,
769 3511 873 3590 inquit
886 3510 1032 3584 Karalus,
1047 3510 1121 3590 quia
1140 3509 1296 3570 Dominus
1312 3527 1391 3570 nos-

324 3623 373 3678 ter
395 3617 482 3678 lesus
499 3616 657 3690 Christus,
677 3623 802 3678 creator
816 3617 874 3678 celi
901 3624 932 3677 et
953 3623 1058 3690 terrae,
1083 3621 1209 3694 gentem
1228 3622 1388 3688 nostram,

326 3723 449 3786 scilicet
464 3723 687 3798 christianam,
704 3743 769 3804 prae
789 3723 939 3785 omnibus
953 3723 1103 3803 gentibus
1119 3721 1230 3800 elegit,
1247 3727 1278 3782 et
1293 3739 1391 3800 super

250 3892 252 3897 .
328 3847 440 3892 omnes
461 3835 573 3909 gentes
597 3830 696 3891 totius
720 3829 831 3890 mundi
856 3848 926 3890 eam
950 3828 1108 3891 dominari
1131 3827 1283 3900 instituit,
1301 3832 1389 3886 tuam

326 3939 454 4014 gentem
476 3934 709 3995 sarracenicam
725 3935 786 4013 legi
810 3918 996 4006 uostrae‚in
1017 3939 1171 4013 quantum
1189 3933 1294 4011 potui,
1310 3950 1388 3992 con-

252 4086 255 4092 ·
326 4039 417 4102 verti.
431 4075 469 4084 —
482 4039 578 4100 Valde
591 4039 758 4118 indignum
774 4046 838 4113 est,
856 4040 898 4099 ait
910 4038 1117 4116 Aigolandns,
1134 4043 1262 4116 utgens
1280 4041 1389 4097 nostra

327 4154 388 4208 tuae
413 4147 496 4227 geuli
526 4145 703 4220 subiaceat,
729 4163 802 4207 oum
826 4145 876 4206 lex
904 4151 1013 4206 nostra
1039 4144 1140 4224 magis
1167 4161 1261 4224 quam
1283 4147 1388 4204 vestra
