3042 4942
688 363 883 432 -64-

247 513 360 594 pulum
384 517 475 572 tuum
498 527 556 590 per
573 509 747 582 desertum,
771 509 825 588 qui
848 508 1034 588 percussisti
1056 515 1167 588 gentes
1191 509 1313 571 multas
1419 515 1423 519 '

246 620 315 682 eius
328 616 539 688 adversarias,
555 620 587 675 et
599 614 748 676 occidisti
760 633 851 694 reges
861 613 972 688 fortes,
986 613 1070 676 Seon
1080 633 1188 695 regem
1198 616 1315 677 Amor-

247 741 378 787 reorum
392 727 424 784 et
438 721 485 801 Og
498 739 607 800 regem
624 720 727 782 Busan
743 726 775 782 et
789 721 899 781 omnia
917 738 1016 800 regna
1030 719 1191 810 Chanaan,
1208 728 1239 783 et
1257 722 1315 784 de-

249 831 323 894 disti
345 836 462 890 terram
484 845 597 889 eorum
617 827 651 889 iu
675 825 887 888 hereditatem
897 827 1018 906 populo
1033 833 1089 888 tuo
1108 827 1238 902 Israhel,
1254 829 1315 908 qui

248 935 373 998 Iericho
393 951 516 1006 muros,
535 932 652 1013 quibus
669 931 906 993 adversantium
928 932 1116 1012 cingebatur
1137 933 1312 1004 exercitus,

250 1043 319 1104 sine
330 1041 470 1102 humana
485 1057 593 1119 pugna
607 1043 640 1098 et
651 1037 772 1117 absque
789 1037 1027 1099 machinatione
1040 1039 1172 1100 humani
1184 1038 1315 1100 artificii

249 1154 383 1228 septeno
396 1145 532 1207 circuitu
546 1144 633 1205 tubis
648 1144 871 1223 clangentibus
884 1143 1081 1220 destruxisti,
1097 1151 1143 1218 tu,
1160 1145 1313 1219 Domine,

249 1252 377 1315 destrue
391 1251 488 1312 huius
500 1249 589 1311 urbis
603 1249 825 1311 fortitudinem
846 1255 1010 1330 totamque
1029 1252 1098 1314 eius
1117 1257 1313 1314 armaturam

248 1358 281 1420 in
296 1375 392 1419 mauu
407 1361 461 1418 tua
482 1355 606 1436 potenti
621 1361 653 1417 et
670 1355 804 1416 brachio
827 1360 882 1416 tuo
905 1356 1086 1418 invincibili
1108 1363 1251 1431 contere,
1276 1364 1317 1420 ut

248 1480 327 1543 gens
337 1478 462 1542 pagena
473 1478 544 1539 quae
556 1459 589 1520 iu
602 1478 659 1520 sua
679 1458 804 1520 feritate
825 1477 890 1520 non
904 1459 935 1519 in
949 1465 980 1520 te
994 1459 1138 1534 confidit,
1157 1467 1316 1539 agnoscat

249 1575 280 1631 te
304 1567 554 1639 ileum-vivum,
580 1585 688 1646 regem
710 1567 856 1628 omnium
882 1585 994 1645 regum
1020 1567 1311 1647 cunctipotentem,

249 1672 504 1736 Christianorum
527 1671 749 1732 auxiliatorem
770 1677 802 1730 et
824 1677 1043 1749 protectorem
1065 1689 1136 1730 esse
1160 1671 1214 1750 qui
1237 1689 1314 1732 cum

249 1777 342 1841 Patre
351 1775 512 1858 etSpiritu
521 1775 638 1838 Sancto
647 1776 771 1838 viviset
782 1794 896 1855 regnas
906 1775 1192 1856 Deusperinlinita
1202 1777 1315 1838 secula

251 1883 445 1947 seculorum.
460 1881 573 1943 Amen.
588 1917 627 1925 -
637 1880 720 1953 Quid
730 1881 841 1961 plura?
853 1881 947 1943 Facta
961 1882 1021 1943 hec
1032 1901 1140 1964 prece,
1154 1883 1248 1944 tertia
1259 1882 1314 1944 die

251 1989 320 2052 sine
336 1989 479 2050 hunuano
501 1992 588 2048 tactu
612 1987 709 2066 lapsis
733 1987 876 2067 undique
900 1989 1000 2050 muris
1022 1989 1128 2062 urbis,
1145 2007 1313 2069 expugna-

251 2093 356 2174 tisque
368 2091 502 2172 paganis
518 2096 550 2151 et
563 2089 720 2169 effugatis,
737 2090 960 2154 Rotholandus
976 2111 1085 2154 comes
1096 2094 1224 2172 gavisus
1237 2113 1314 2156 cum

253 2198 319 2261 suis
333 2194 529 2259 exercitibus
542 2195 581 2256 ad
593 2195 754 2270 Karolum,
767 2197 929 2258 interram
942 2197 1066 2259 scilicet
1076 2199 1311 2274 theutonicam,

253 2303 418 2386 proiectus
443 2307 506 2377 est,
530 2319 669 2383 eumque
693 2304 816 2383 potenti
837 2304 953 2366 virtute
979 2305 1034 2366 Dei
1057 2305 1096 2366 ab
1125 2305 1314 2386 iniquorum

253 2406 424 2472 obsidione
438 2406 567 2487 eripuit.
589 2407 616 2468 Α
630 2407 769 2469 Domino
783 2407 903 2491 lactum
917 2414 966 2470 est
979 2409 1081 2484 istud,
1100 2415 1131 2470 et
1149 2415 1198 2470 est
1215 2410 1313 2472 mira-

254 2513 319 2577 bile
333 2513 366 2576 in
381 2513 484 2577 oculis
500 2513 632 2575 nostris.

355 2769 414 2843 oui
428 2769 508 2852 legis
522 2769 585 2833 hoc
600 2789 726 2832 cermen
738 2813 746 2845 ,
760 2751 902 2852 Turpiuo
918 2790 1017 2851 posce
1033 2743 1198 2844 iuramen,
1259 2815 1261 2822 ,

475 2873 515 2936 Ut
530 2875 648 2955 pietate
661 2873 717 2935 Dei
733 2874 942 2937 subveniatur
959 2876 1000 2936 ei.
