<?xml version="1.0" encoding="UTF-8"?>
<!DOCTYPE html PUBLIC "-//W3C//DTD XHTML 1.0 Transitional//EN"
    "http://www.w3.org/TR/xhtml1/DTD/xhtml1-transitional.dtd">
<html xmlns="http://www.w3.org/1999/xhtml" xml:lang="en" lang="en">
 <head>
  <title>
</title>
<meta http-equiv="Content-Type" content="text/html;charset=utf-8" />
  <meta name='ocr-system' content='tesseract 3.04.00' />
  <meta name='ocr-capabilities' content='ocr_page ocr_carea ocr_par ocr_line ocrx_word'/>
</head>
<body>
  <div class='ocr_page' id='page_1' title='image "./turpinihistoria00castgoog_0034.png"; bbox 0 0 3042 4942; ppageno 0'>
   <div class='ocr_carea' id='block_1_1' title="bbox 632 417 824 490">
    <p class='ocr_par' dir='ltr' id='par_1_1' title="bbox 632 417 824 490">
     <span class='ocr_line' id='line_1_1' title="bbox 632 417 824 490; baseline -0.01 -16"><span class='ocrx_word' id='word_1_1' title='bbox 632 417 824 490; x_wconf 66' lang='lat'>..15-</span> 
     </span>
    </p>
   </div>
   <div class='ocr_carea' id='block_1_2' title="bbox 190 564 1256 1390">
    <p class='ocr_par' dir='ltr' id='par_1_2' title="bbox 190 564 1256 1390">
     <span class='ocr_line' id='line_1_2' title="bbox 191 564 1255 651; baseline 0.004 -23"><span class='ocrx_word' id='word_1_2' title='bbox 191 564 397 644; x_wconf 85' lang='lat' dir='ltr'><strong>capiendum,</strong></span> <span class='ocrx_word' id='word_1_3' title='bbox 414 571 446 626; x_wconf 91' lang='lat' dir='ltr'><strong>et</strong></span> <span class='ocrx_word' id='word_1_4' title='bbox 462 566 601 628; x_wconf 82' lang='lat' dir='ltr'><strong>castellis</strong></span> <span class='ocrx_word' id='word_1_5' title='bbox 618 566 733 646; x_wconf 84' lang='lat' dir='ltr'>ligneis</span> <span class='ocrx_word' id='word_1_6' title='bbox 746 586 764 628; x_wconf 85' lang='lat' dir='ltr'><strong>a</strong></span> <span class='ocrx_word' id='word_1_7' title='bbox 779 567 906 642; x_wconf 72' lang='lat' dir='ltr'><strong>tiriolo,</strong></span> <span class='ocrx_word' id='word_1_8' title='bbox 932 573 1026 631; x_wconf 86' lang='lat' dir='ltr'><strong>nocte</strong></span> <span class='ocrx_word' id='word_1_9' title='bbox 1048 570 1187 651; x_wconf 86' lang='lat' dir='ltr'><strong>quadam</strong></span> <span class='ocrx_word' id='word_1_10' title='bbox 1201 570 1255 632; x_wconf 82' lang='grc' dir='ltr'><strong>Αἰ-</strong></span> 
     </span>
     <span class='ocr_line' id='line_1_3' title="bbox 190 671 1256 754; baseline 0.007 -22"><span class='ocrx_word' id='word_1_11' title='bbox 190 671 351 751; x_wconf 86' lang='lat' dir='ltr'><strong>golandus</strong></span> <span class='ocrx_word' id='word_1_12' title='bbox 366 691 439 734; x_wconf 94' lang='lat' dir='ltr'><strong>cum</strong></span> <span class='ocrx_word' id='word_1_13' title='bbox 455 671 583 751; x_wconf 83' lang='lat' dir='ltr'><strong>regibus</strong></span> <span class='ocrx_word' id='word_1_14' title='bbox 594 677 626 734; x_wconf 89' lang='lat' dir='ltr'><strong>ct</strong></span> <span class='ocrx_word' id='word_1_15' title='bbox 637 673 815 736; x_wconf 84' lang='lat' dir='ltr'><strong>maioribus</strong></span> <span class='ocrx_word' id='word_1_16' title='bbox 830 674 897 736; x_wconf 91' lang='lat' dir='ltr'><strong>suis</strong></span> <span class='ocrx_word' id='word_1_17' title='bbox 913 693 971 754; x_wconf 89' lang='lat' dir='ltr'><strong>per</strong></span> <span class='ocrx_word' id='word_1_18' title='bbox 984 675 1116 738; x_wconf 72' lang='lat' dir='ltr'><strong>latrinas</strong></span> <span class='ocrx_word' id='word_1_19' title='bbox 1131 683 1160 738; x_wconf 87' lang='lat' dir='ltr'><strong>et</strong></span> <span class='ocrx_word' id='word_1_20' title='bbox 1174 677 1256 739; x_wconf 88' lang='lat' dir='ltr'><strong>fora-</strong></span> 
     </span>
     <span class='ocr_line' id='line_1_4' title="bbox 191 777 1256 862; baseline 0.006 -24"><span class='ocrx_word' id='word_1_21' title='bbox 191 778 280 840; x_wconf 85' lang='lat' dir='ltr'><strong>mina</strong></span> <span class='ocrx_word' id='word_1_22' title='bbox 303 777 524 840; x_wconf 81' lang='lat' dir='ltr'><strong>fraudulenter</strong></span> <span class='ocrx_word' id='word_1_23' title='bbox 548 778 656 851; x_wconf 85' lang='lat' dir='ltr'>exivit,</span> <span class='ocrx_word' id='word_1_24' title='bbox 680 783 712 840; x_wconf 89' lang='lat' dir='ltr'><strong>et</strong></span> <span class='ocrx_word' id='word_1_25' title='bbox 736 779 869 840; x_wconf 85' lang='lat' dir='ltr'><strong>fluvium</strong></span> <span class='ocrx_word' id='word_1_26' title='bbox 895 781 1087 854; x_wconf 65' lang='lat' dir='ltr'><strong>(maronam,</strong></span> <span class='ocrx_word' id='word_1_27' title='bbox 1106 783 1160 862; x_wconf 93' lang='lat' dir='ltr'><strong>qui</strong></span> <span class='ocrx_word' id='word_1_28' title='bbox 1186 784 1256 845; x_wconf 85' lang='lat' dir='ltr'><strong>nuit</strong></span> 
     </span>
     <span class='ocr_line' id='line_1_5' title="bbox 191 884 1256 958; baseline 0.006 -13"><span class='ocrx_word' id='word_1_29' title='bbox 191 884 412 956; x_wconf 81' lang='lat' dir='ltr'><strong>iuxtaurbem,</strong></span> <span class='ocrx_word' id='word_1_30' title='bbox 421 889 668 958; x_wconf 82' lang='lat' dir='ltr'><strong>transmeantes,</strong></span> <span class='ocrx_word' id='word_1_31' title='bbox 680 904 698 946; x_wconf 87' lang='lat' dir='ltr'><strong>a</strong></span> <span class='ocrx_word' id='word_1_32' title='bbox 708 885 813 947; x_wconf 87' lang='lat' dir='ltr'><strong>Karoii</strong></span> <span class='ocrx_word' id='word_1_33' title='bbox 825 886 974 949; x_wconf 86' lang='lat' dir='ltr'><strong>manibus</strong></span> <span class='ocrx_word' id='word_1_34' title='bbox 987 889 1097 949; x_wconf 85' lang='lat' dir='ltr'><strong>evasit.</strong></span> <span class='ocrx_word' id='word_1_35' title='bbox 1112 889 1168 950; x_wconf 86' lang='lat' dir='ltr'><strong>Dic</strong></span> <span class='ocrx_word' id='word_1_36' title='bbox 1180 908 1256 951; x_wconf 88' lang='lat' dir='ltr'><strong>vero</strong></span> 
     </span>
     <span class='ocr_line' id='line_1_6' title="bbox 192 987 1256 1068; baseline 0.006 -20"><span class='ocrx_word' id='word_1_37' title='bbox 192 988 341 1068; x_wconf 83' lang='lat' dir='ltr'><strong>sequenti</strong></span> <span class='ocrx_word' id='word_1_38' title='bbox 357 987 491 1050; x_wconf 87' lang='lat' dir='ltr'><strong>Karolus</strong></span> <span class='ocrx_word' id='word_1_39' title='bbox 503 1007 576 1050; x_wconf 91' lang='lat' dir='ltr'><strong>cum</strong></span> <span class='ocrx_word' id='word_1_40' title='bbox 586 1007 701 1068; x_wconf 86' lang='lat' dir='ltr'><strong>magno</strong></span> <span class='ocrx_word' id='word_1_41' title='bbox 716 989 879 1068; x_wconf 85' lang='lat' dir='ltr'><strong>triumpho</strong></span> <span class='ocrx_word' id='word_1_42' title='bbox 891 991 1004 1052; x_wconf 89' lang='lat' dir='ltr'><strong>urbem</strong></span> <span class='ocrx_word' id='word_1_43' title='bbox 1019 992 1256 1055; x_wconf 89' lang='lat' dir='ltr'><strong>intravit.Tunc</strong></span> 
     </span>
     <span class='ocr_line' id='line_1_7' title="bbox 190 1091 1254 1177; baseline 0.008 -26"><span class='ocrx_word' id='word_1_44' title='bbox 190 1092 355 1173; x_wconf 81' lang='lat' dir='ltr'><strong>quideme</strong></span> <span class='ocrx_word' id='word_1_45' title='bbox 374 1091 557 1153; x_wconf 82' lang='lat' dir='ltr'><strong>Sarracenis</strong></span> <span class='ocrx_word' id='word_1_46' title='bbox 574 1093 680 1172; x_wconf 84' lang='lat' dir='ltr'><strong>gladio</strong></span> <span class='ocrx_word' id='word_1_47' title='bbox 698 1094 796 1155; x_wconf 93' lang='lat' dir='ltr'><strong>occisi</strong></span> <span class='ocrx_word' id='word_1_48' title='bbox 812 1102 896 1168; x_wconf 91' lang='lat' dir='ltr'><strong>suut,</strong></span> <span class='ocrx_word' id='word_1_49' title='bbox 914 1096 1045 1176; x_wconf 88' lang='lat' dir='ltr'><strong>quidam</strong></span> <span class='ocrx_word' id='word_1_50' title='bbox 1061 1115 1119 1177; x_wconf 89' lang='lat' dir='ltr'><strong>per</strong></span> <span class='ocrx_word' id='word_1_51' title='bbox 1135 1097 1254 1159; x_wconf 85' lang='lat' dir='ltr'><strong>Guarc-</strong></span> 
     </span>
     <span class='ocr_line' id='line_1_8' title="bbox 191 1198 1254 1279; baseline 0.008 -22"><span class='ocrx_word' id='word_1_52' title='bbox 191 1198 410 1258; x_wconf 86' lang='lat' dir='ltr'><strong>namiluvium</strong></span> <span class='ocrx_word' id='word_1_53' title='bbox 430 1216 503 1258; x_wconf 87' lang='lat' dir='ltr'><strong>curn</strong></span> <span class='ocrx_word' id='word_1_54' title='bbox 525 1217 642 1278; x_wconf 83' lang='lat' dir='ltr'><strong>magno</strong></span> <span class='ocrx_word' id='word_1_55' title='bbox 660 1200 781 1279; x_wconf 86' lang='lat' dir='ltr'><strong>inipetu</strong></span> <span class='ocrx_word' id='word_1_56' title='bbox 808 1207 989 1262; x_wconf 89' lang='lat' dir='ltr'><strong>evaserunt.</strong></span> <span class='ocrx_word' id='word_1_57' title='bbox 1016 1202 1133 1264; x_wconf 88' lang='lat' dir='ltr'><strong>Decem</strong></span> <span class='ocrx_word' id='word_1_58' title='bbox 1149 1209 1254 1265; x_wconf 87' lang='lat' dir='ltr'><strong>tamen</strong></span> 
     </span>
     <span class='ocr_line' id='line_1_9' title="bbox 191 1289 956 1390; baseline 0.003 -26"><span class='ocrx_word' id='word_1_59' title='bbox 191 1304 295 1365; x_wconf 85' lang='lat' dir='ltr'><strong>millia</strong></span> <span class='ocrx_word' id='word_1_60' title='bbox 309 1303 557 1390; x_wconf 85' lang='lat' dir='ltr'><strong>Sarracenorum</strong></span> <span class='ocrx_word' id='word_1_61' title='bbox 574 1304 681 1383; x_wconf 84' lang='lat' dir='ltr'><strong>gladio</strong></span> <span class='ocrx_word' id='word_1_62' title='bbox 694 1305 853 1385; x_wconf 90' lang='lat' dir='ltr'><strong>perempti</strong></span> <span class='ocrx_word' id='word_1_63' title='bbox 871 1289 956 1368; x_wconf 86' lang='lat' dir='ltr'><strong>suut..</strong></span> 
     </span>
    </p>
   </div>
   <div class='ocr_carea' id='block_1_3' title="bbox 699 1553 749 1624">
    <p class='ocr_par' dir='ltr' id='par_1_3' title="bbox 699 1553 749 1624">
     <span class='ocr_line' id='line_1_10' title="bbox 699 1553 749 1624; baseline 0 0"><span class='ocrx_word' id='word_1_64' title='bbox 699 1553 749 1624; x_wconf 87' lang='lat' dir='ltr'><strong>X.</strong></span> 
     </span>
    </p>
   </div>
   <div class='ocr_carea' id='block_1_4' title="bbox 352 1690 1091 1846">
    <p class='ocr_par' dir='ltr' id='par_1_4' title="bbox 352 1690 1091 1846">
     <span class='ocr_line' id='line_1_11' title="bbox 998 1690 1012 1728; baseline 0 0"><span class='ocrx_word' id='word_1_65' title='bbox 998 1690 1012 1728; x_wconf 82' lang='grc' dir='ltr'>Ι</span> 
     </span>
     <span class='ocr_line' id='line_1_12' title="bbox 352 1781 1091 1846; baseline 0.003 -4"><span class='ocrx_word' id='word_1_66' title='bbox 352 1781 396 1842; x_wconf 78' lang='lat' dir='ltr'><strong>DE</strong></span> <span class='ocrx_word' id='word_1_67' title='bbox 419 1800 493 1844; x_wconf 82' lang='lat' dir='ltr'>URBE</span> <span class='ocrx_word' id='word_1_68' title='bbox 517 1781 701 1846; x_wconf 81' lang='lat' dir='ltr'>SANCTONICA</span> <span class='ocrx_word' id='word_1_69' title='bbox 722 1801 770 1845; x_wconf 87' lang='lat' dir='ltr'><strong>UBI</strong></span> <span class='ocrx_word' id='word_1_70' title='bbox 793 1801 894 1846; x_wconf 77' lang='lat' dir='ltr'>HASTAE</span> <span class='ocrx_word' id='word_1_71' title='bbox 916 1802 1091 1846; x_wconf 76' lang='lat' dir='ltr'>VIRUERUNT.</span> 
     </span>
    </p>
   </div>
   <div class='ocr_carea' id='block_1_5' title="bbox 186 2033 1254 2960">
    <p class='ocr_par' dir='ltr' id='par_1_5' title="bbox 186 2033 1254 2960">
     <span class='ocr_line' id='line_1_13' title="bbox 229 2033 1252 2114; baseline 0.001 -21"><span class='ocrx_word' id='word_1_72' title='bbox 229 2033 305 2095; x_wconf 90' lang='lat' dir='ltr'><strong>iude</strong></span> <span class='ocrx_word' id='word_1_73' title='bbox 318 2034 515 2114; x_wconf 77' lang='lat' dir='ltr'><strong>nigolaudus</strong></span> <span class='ocrx_word' id='word_1_74' title='bbox 532 2035 618 2096; x_wconf 89' lang='lat' dir='ltr'><strong>venit</strong></span> <span class='ocrx_word' id='word_1_75' title='bbox 632 2035 803 2107; x_wconf 70' lang='lat' dir='ltr'><strong>Santones</strong></span> <span class='ocrx_word' id='word_1_76' title='bbox 820 2054 891 2114; x_wconf 82' lang='lat' dir='ltr'><strong>quaa</strong></span> <span class='ocrx_word' id='word_1_77' title='bbox 907 2040 984 2096; x_wconf 90' lang='lat' dir='ltr'><strong>tuuc</strong></span> <span class='ocrx_word' id='word_1_78' title='bbox 1000 2035 1252 2096; x_wconf 75' lang='lat' dir='ltr'><strong>sarracenorum</strong></span> 
     </span>
     <span class='ocr_line' id='line_1_14' title="bbox 188 2138 1252 2219; baseline 0 -21"><span class='ocrx_word' id='word_1_79' title='bbox 188 2138 334 2219; x_wconf 88' lang='lat' dir='ltr'><strong>imperiis</strong></span> <span class='ocrx_word' id='word_1_80' title='bbox 350 2139 548 2213; x_wconf 87' lang='lat' dir='ltr'><strong>subiecebat,</strong></span> <span class='ocrx_word' id='word_1_81' title='bbox 563 2146 594 2200; x_wconf 89' lang='lat' dir='ltr'><strong>et</strong></span> <span class='ocrx_word' id='word_1_82' title='bbox 609 2139 653 2202; x_wconf 89' lang='lat' dir='ltr'><strong>ibi</strong></span> <span class='ocrx_word' id='word_1_83' title='bbox 670 2159 743 2201; x_wconf 90' lang='lat' dir='ltr'><strong>cum</strong></span> <span class='ocrx_word' id='word_1_84' title='bbox 760 2140 825 2200; x_wconf 89' lang='lat' dir='ltr'><strong>suis</strong></span> <span class='ocrx_word' id='word_1_85' title='bbox 840 2146 1058 2202; x_wconf 82' lang='lat' dir='ltr'><strong>commoratus</strong></span> <span class='ocrx_word' id='word_1_86' title='bbox 1079 2145 1137 2200; x_wconf 91' lang='lat' dir='ltr'><strong>est.</strong></span> <span class='ocrx_word' id='word_1_87' title='bbox 1155 2138 1252 2200; x_wconf 86' lang='lat' dir='ltr'><strong>Karo-</strong></span> 
     </span>
     <span class='ocr_line' id='line_1_15' title="bbox 187 2244 1254 2328; baseline -0.005 -19"><span class='ocrx_word' id='word_1_88' title='bbox 187 2249 240 2309; x_wconf 90' lang='lat' dir='ltr'><strong>lus</strong></span> <span class='ocrx_word' id='word_1_89' title='bbox 255 2267 330 2310; x_wconf 86' lang='lat' dir='ltr'><strong>vero</strong></span> <span class='ocrx_word' id='word_1_90' title='bbox 347 2244 565 2328; x_wconf 87' lang='lat' dir='ltr'><strong>subsequutus</strong></span> <span class='ocrx_word' id='word_1_91' title='bbox 580 2253 629 2309; x_wconf 89' lang='lat' dir='ltr'><strong>est</strong></span> <span class='ocrx_word' id='word_1_92' title='bbox 642 2247 733 2308; x_wconf 89' lang='lat' dir='ltr'><strong>illum</strong></span> <span class='ocrx_word' id='word_1_93' title='bbox 749 2253 780 2308; x_wconf 91' lang='lat' dir='ltr'><strong>et</strong></span> <span class='ocrx_word' id='word_1_94' title='bbox 794 2247 959 2310; x_wconf 85' lang='lat' dir='ltr'><strong>mandavit</strong></span> <span class='ocrx_word' id='word_1_95' title='bbox 977 2247 1021 2307; x_wconf 90' lang='lat' dir='ltr'><strong>illi</strong></span> <span class='ocrx_word' id='word_1_96' title='bbox 1046 2251 1081 2308; x_wconf 90' lang='lat' dir='ltr'><strong>ut</strong></span> <span class='ocrx_word' id='word_1_97' title='bbox 1103 2244 1254 2306; x_wconf 86' lang='lat' dir='ltr'><strong>redderet</strong></span> 
     </span>
     <span class='ocr_line' id='line_1_16' title="bbox 187 2353 1252 2435; baseline -0.004 -20"><span class='ocrx_word' id='word_1_98' title='bbox 187 2355 303 2416; x_wconf 90' lang='lat' dir='ltr'><strong>urbem</strong></span> <span class='ocrx_word' id='word_1_99' title='bbox 319 2375 325 2427; x_wconf 90' lang='lat'>;</span> <span class='ocrx_word' id='word_1_100' title='bbox 343 2355 410 2435; x_wconf 88' lang='lat' dir='ltr'><strong>ipse</strong></span> <span class='ocrx_word' id='word_1_101' title='bbox 428 2373 503 2425; x_wconf 82' lang='lat' dir='ltr'><strong>vero</strong></span> <span class='ocrx_word' id='word_1_102' title='bbox 519 2354 623 2416; x_wconf 91' lang='lat' dir='ltr'><strong>noluit</strong></span> <span class='ocrx_word' id='word_1_103' title='bbox 638 2353 784 2427; x_wconf 87' lang='lat' dir='ltr'><strong>reddere,</strong></span> <span class='ocrx_word' id='word_1_104' title='bbox 803 2353 859 2414; x_wconf 93' lang='lat' dir='ltr'><strong>sed</strong></span> <span class='ocrx_word' id='word_1_105' title='bbox 873 2354 970 2414; x_wconf 83' lang='lat' dir='ltr'><strong>exivit</strong></span> <span class='ocrx_word' id='word_1_106' title='bbox 986 2353 1026 2414; x_wconf 88' lang='lat' dir='ltr'><strong>ad</strong></span> <span class='ocrx_word' id='word_1_107' title='bbox 1040 2353 1159 2414; x_wconf 83' lang='lat' dir='ltr'><strong>bellurn</strong></span> <span class='ocrx_word' id='word_1_108' title='bbox 1175 2370 1252 2412; x_wconf 91' lang='lat' dir='ltr'><strong>cou-</strong></span> 
     </span>
     <span class='ocr_line' id='line_1_17' title="bbox 187 2458 1254 2538; baseline -0.006 -17"><span class='ocrx_word' id='word_1_109' title='bbox 187 2467 327 2523; x_wconf 86' lang='lat' dir='ltr'><strong>tracum</strong></span> <span class='ocrx_word' id='word_1_110' title='bbox 353 2462 407 2523; x_wconf 83' lang='lat' dir='ltr'><strong>tali</strong></span> <span class='ocrx_word' id='word_1_111' title='bbox 425 2460 661 2533; x_wconf 83' lang='lat' dir='ltr'><strong>convenientia,</strong></span> <span class='ocrx_word' id='word_1_112' title='bbox 680 2459 811 2522; x_wconf 89' lang='lat' dir='ltr'><strong>utillius</strong></span> <span class='ocrx_word' id='word_1_113' title='bbox 833 2465 919 2520; x_wconf 89' lang='lat' dir='ltr'><strong>esset</strong></span> <span class='ocrx_word' id='word_1_114' title='bbox 939 2459 1028 2532; x_wconf 80' lang='lat' dir='ltr'><strong>urbe,</strong></span> <span class='ocrx_word' id='word_1_115' title='bbox 1044 2459 1098 2538; x_wconf 90' lang='lat' dir='ltr'><strong>qui</strong></span> <span class='ocrx_word' id='word_1_116' title='bbox 1113 2458 1254 2518; x_wconf 87' lang='lat' dir='ltr'><strong>vinceret</strong></span> 
     </span>
     <span class='ocr_line' id='line_1_18' title="bbox 186 2562 1253 2636; baseline -0.007 -8"><span class='ocrx_word' id='word_1_117' title='bbox 186 2564 296 2628; x_wconf 84' lang='lat' dir='ltr'><strong>elium.</strong></span> <span class='ocrx_word' id='word_1_118' title='bbox 315 2564 392 2626; x_wconf 88' lang='lat' dir='ltr'><strong>Sero</strong></span> <span class='ocrx_word' id='word_1_119' title='bbox 418 2569 524 2626; x_wconf 85' lang='lat' dir='ltr'><strong>autem</strong></span> <span class='ocrx_word' id='word_1_120' title='bbox 549 2563 729 2626; x_wconf 86' lang='lat' dir='ltr'><strong>antediem</strong></span> <span class='ocrx_word' id='word_1_121' title='bbox 760 2565 848 2636; x_wconf 89' lang='lat' dir='ltr'><strong>belli,</strong></span> <span class='ocrx_word' id='word_1_122' title='bbox 873 2564 993 2630; x_wconf 88' lang='lat' dir='ltr'><strong>castris</strong></span> <span class='ocrx_word' id='word_1_123' title='bbox 1010 2569 1041 2624; x_wconf 85' lang='lat' dir='ltr'><strong>et</strong></span> <span class='ocrx_word' id='word_1_124' title='bbox 1066 2562 1196 2624; x_wconf 82' lang='lat' dir='ltr'><strong>aciebus</strong></span> <span class='ocrx_word' id='word_1_125' title='bbox 1221 2567 1253 2621; x_wconf 87' lang='lat' dir='ltr'><strong>et</strong></span> 
     </span>
     <span class='ocr_line' id='line_1_19' title="bbox 186 2670 1250 2750; baseline -0.003 -20"><span class='ocrx_word' id='word_1_126' title='bbox 186 2671 301 2732; x_wconf 90' lang='lat' dir='ltr'><strong>turmis</strong></span> <span class='ocrx_word' id='word_1_127' title='bbox 316 2670 502 2749; x_wconf 73' lang='lat' dir='ltr'><strong>praeparatis</strong></span> <span class='ocrx_word' id='word_1_128' title='bbox 518 2671 550 2730; x_wconf 93' lang='lat' dir='ltr'><strong>in</strong></span> <span class='ocrx_word' id='word_1_129' title='bbox 565 2671 675 2749; x_wconf 86' lang='lat' dir='ltr'><strong>pratis,</strong></span> <span class='ocrx_word' id='word_1_130' title='bbox 693 2671 817 2732; x_wconf 89' lang='lat' dir='ltr'><strong>scilicet</strong></span> <span class='ocrx_word' id='word_1_131' title='bbox 829 2690 900 2750; x_wconf 86' lang='lat' dir='ltr'><strong>quae</strong></span> <span class='ocrx_word' id='word_1_132' title='bbox 916 2676 989 2732; x_wconf 90' lang='lat' dir='ltr'><strong>sunt</strong></span> <span class='ocrx_word' id='word_1_133' title='bbox 1001 2670 1084 2730; x_wconf 90' lang='lat' dir='ltr'><strong>iuter</strong></span> <span class='ocrx_word' id='word_1_134' title='bbox 1099 2673 1250 2740; x_wconf 85' lang='lat' dir='ltr'><strong>castrum,</strong></span> 
     </span>
     <span class='ocr_line' id='line_1_20' title="bbox 187 2773 1252 2858; baseline -0.005 -20"><span class='ocrx_word' id='word_1_135' title='bbox 187 2776 408 2858; x_wconf 89' lang='lat' dir='ltr'><strong>quoddicitur</strong></span> <span class='ocrx_word' id='word_1_136' title='bbox 428 2774 635 2854; x_wconf 68' lang='lat' dir='ltr'><strong>Talaburgus</strong></span> <span class='ocrx_word' id='word_1_137' title='bbox 659 2781 690 2836; x_wconf 91' lang='lat' dir='ltr'><strong>et</strong></span> <span class='ocrx_word' id='word_1_138' title='bbox 715 2775 829 2836; x_wconf 90' lang='lat' dir='ltr'><strong>urbem</strong></span> <span class='ocrx_word' id='word_1_139' title='bbox 853 2776 940 2836; x_wconf 84' lang='lat' dir='ltr'><strong>iuxta</strong></span> <span class='ocrx_word' id='word_1_140' title='bbox 963 2774 1096 2835; x_wconf 88' lang='lat' dir='ltr'><strong>fluvium</strong></span> <span class='ocrx_word' id='word_1_141' title='bbox 1121 2773 1252 2834; x_wconf 90' lang='lat' dir='ltr'><strong>nomine</strong></span> 
     </span>
     <span class='ocr_line' id='line_1_21' title="bbox 187 2881 1252 2960; baseline -0.006 -15"><span class='ocrx_word' id='word_1_142' title='bbox 187 2883 388 2955; x_wconf 75' lang='lat' dir='ltr'><strong>Citarentem,</strong></span> <span class='ocrx_word' id='word_1_143' title='bbox 405 2881 578 2942; x_wconf 79' lang='lat' dir='ltr'><strong>infixerunt</strong></span> <span class='ocrx_word' id='word_1_144' title='bbox 593 2881 758 2942; x_wconf 85' lang='lat' dir='ltr'><strong>christiani</strong></span> <span class='ocrx_word' id='word_1_145' title='bbox 773 2881 904 2960; x_wconf 85' lang='lat' dir='ltr'><strong>quidam</strong></span> <span class='ocrx_word' id='word_1_146' title='bbox 918 2881 1025 2942; x_wconf 86' lang='lat' dir='ltr'><strong>hastas</strong></span> <span class='ocrx_word' id='word_1_147' title='bbox 1041 2899 1114 2942; x_wconf 84' lang='lat' dir='ltr'><strong>suas</strong></span> <span class='ocrx_word' id='word_1_148' title='bbox 1128 2886 1252 2940; x_wconf 87' lang='lat' dir='ltr'><strong>erectas</strong></span> 
     </span>
    </p>
   </div>
   <div class='ocr_carea' id='block_1_6' title="bbox 186 2971 1414 3061">
    <p class='ocr_par' dir='ltr' id='par_1_6' title="bbox 186 2971 1414 3061">
     <span class='ocr_line' id='line_1_22' title="bbox 186 2971 1414 3061; baseline -0.004 -11"><span class='ocrx_word' id='word_1_149' title='bbox 186 2991 218 3051; x_wconf 95' lang='lat' dir='ltr'><strong>in</strong></span> <span class='ocrx_word' id='word_1_150' title='bbox 234 2995 318 3050; x_wconf 88' lang='lat' dir='ltr'><strong>terre</strong></span> <span class='ocrx_word' id='word_1_151' title='bbox 330 2994 403 3050; x_wconf 86' lang='lat' dir='ltr'><strong>ente</strong></span> <span class='ocrx_word' id='word_1_152' title='bbox 418 2993 539 3061; x_wconf 83' lang='lat' dir='ltr'><strong>cestra;</strong></span> <span class='ocrx_word' id='word_1_153' title='bbox 555 2987 693 3050; x_wconf 87' lang='lat' dir='ltr'><strong>crastiua</strong></span> <span class='ocrx_word' id='word_1_154' title='bbox 708 3006 784 3050; x_wconf 88' lang='lat' dir='ltr'><strong>vcro</strong></span> <span class='ocrx_word' id='word_1_155' title='bbox 799 2987 850 3048; x_wconf 90' lang='lat' dir='ltr'><strong>die</strong></span> <span class='ocrx_word' id='word_1_156' title='bbox 862 2987 969 3048; x_wconf 88' lang='lat' dir='ltr'><strong>hastas</strong></span> <span class='ocrx_word' id='word_1_157' title='bbox 984 3005 1057 3046; x_wconf 86' lang='lat' dir='ltr'><strong>suas</strong></span> <span class='ocrx_word' id='word_1_158' title='bbox 1077 2984 1252 3046; x_wconf 85' lang='lat' dir='ltr'><strong>corticibus</strong></span> <span class='ocrx_word' id='word_1_159' title='bbox 1411 2971 1414 2979; x_wconf 65' lang='grc'><strong>’</strong></span> 
     </span>
    </p>
   </div>
   <div class='ocr_carea' id='block_1_7' title="bbox 145 3090 1315 4234">
    <p class='ocr_par' dir='ltr' id='par_1_7' title="bbox 145 3090 1315 4234">
     <span class='ocr_line' id='line_1_23' title="bbox 188 3090 1315 3172; baseline -0.006 -15"><span class='ocrx_word' id='word_1_160' title='bbox 188 3103 220 3158; x_wconf 89' lang='lat' dir='ltr'><strong>et</strong></span> <span class='ocrx_word' id='word_1_161' title='bbox 234 3095 404 3158; x_wconf 82' lang='lat' dir='ltr'><strong>frondibus</strong></span> <span class='ocrx_word' id='word_1_162' title='bbox 420 3095 586 3160; x_wconf 83' lang='lat' dir='ltr'><strong>decoratas</strong></span> <span class='ocrx_word' id='word_1_163' title='bbox 611 3094 813 3167; x_wconf 86' lang='lat' dir='ltr'><strong>invenerunt,</strong></span> <span class='ocrx_word' id='word_1_164' title='bbox 832 3094 863 3154; x_wconf 87' lang='lat' dir='ltr'><strong>iri</strong></span> <span class='ocrx_word' id='word_1_165' title='bbox 889 3093 1023 3166; x_wconf 85' lang='lat' dir='ltr'><strong>scilicet,</strong></span> <span class='ocrx_word' id='word_1_166' title='bbox 1036 3093 1090 3172; x_wconf 95' lang='lat' dir='ltr'><strong>qui</strong></span> <span class='ocrx_word' id='word_1_167' title='bbox 1117 3090 1251 3152; x_wconf 85' lang='lat' dir='ltr'><strong>inbelle</strong></span> <span class='ocrx_word' id='word_1_168' title='bbox 1313 3093 1315 3100; x_wconf 82' lang='grc'>’</span> 
     </span>
     <span class='ocr_line' id='line_1_24' title="bbox 188 3195 1249 3283; baseline -0.007 -20"><span class='ocrx_word' id='word_1_169' title='bbox 188 3203 339 3283; x_wconf 86' lang='lat' dir='ltr'><strong>praesenti</strong></span> <span class='ocrx_word' id='word_1_170' title='bbox 355 3201 517 3280; x_wconf 88' lang='lat' dir='ltr'><strong>accepturi</strong></span> <span class='ocrx_word' id='word_1_171' title='bbox 535 3205 625 3264; x_wconf 87' lang='lat' dir='ltr'><strong>erant</strong></span> <span class='ocrx_word' id='word_1_172' title='bbox 646 3199 779 3260; x_wconf 87' lang='lat' dir='ltr'><strong>martirii</strong></span> <span class='ocrx_word' id='word_1_173' title='bbox 795 3199 933 3278; x_wconf 88' lang='lat' dir='ltr'><strong>palmam</strong></span> <span class='ocrx_word' id='word_1_174' title='bbox 958 3216 1017 3278; x_wconf 90' lang='lat' dir='ltr'><strong>pro</strong></span> <span class='ocrx_word' id='word_1_175' title='bbox 1037 3197 1152 3258; x_wconf 85' lang='lat' dir='ltr'><strong>Christi</strong></span> <span class='ocrx_word' id='word_1_176' title='bbox 1168 3195 1249 3270; x_wconf 86' lang='lat' dir='ltr'><strong>tidc;</strong></span> 
     </span>
     <span class='ocr_line' id='line_1_25' title="bbox 145 3303 1251 3390; baseline -0.007 -18"><span class='ocrx_word' id='word_1_177' title='bbox 145 3319 148 3326; x_wconf 91' lang='lat'>&#39;</span> <span class='ocrx_word' id='word_1_178' title='bbox 187 3309 242 3390; x_wconf 91' lang='lat' dir='ltr'><strong>qui</strong></span> <span class='ocrx_word' id='word_1_179' title='bbox 258 3310 353 3370; x_wconf 89' lang='lat' dir='ltr'><strong>etiem</strong></span> <span class='ocrx_word' id='word_1_180' title='bbox 375 3312 463 3369; x_wconf 86' lang='lat' dir='ltr'><strong>tanto</strong></span> <span class='ocrx_word' id='word_1_181' title='bbox 482 3307 538 3368; x_wconf 88' lang='lat' dir='ltr'><strong>Dei</strong></span> <span class='ocrx_word' id='word_1_182' title='bbox 554 3306 707 3368; x_wconf 88' lang='lat' dir='ltr'><strong>miraculo</strong></span> <span class='ocrx_word' id='word_1_183' title='bbox 722 3305 833 3385; x_wconf 84' lang='lat' dir='ltr'><strong>gavisi,</strong></span> <span class='ocrx_word' id='word_1_184' title='bbox 852 3305 987 3366; x_wconf 81' lang='lat' dir='ltr'><strong>abscisis</strong></span> <span class='ocrx_word' id='word_1_185' title='bbox 1011 3305 1110 3366; x_wconf 86' lang='lat' dir='ltr'><strong>hastis</strong></span> <span class='ocrx_word' id='word_1_186' title='bbox 1125 3304 1191 3365; x_wconf 91' lang='lat' dir='ltr'><strong>suis</strong></span> <span class='ocrx_word' id='word_1_187' title='bbox 1211 3303 1251 3364; x_wconf 89' lang='lat' dir='ltr'><strong>de</strong></span> 
     </span>
     <span class='ocr_line' id='line_1_26' title="bbox 186 3410 1253 3491; baseline -0.005 -14"><span class='ocrx_word' id='word_1_188' title='bbox 186 3421 281 3488; x_wconf 85' lang='lat' dir='ltr'><strong>terra,</strong></span> <span class='ocrx_word' id='word_1_189' title='bbox 301 3413 395 3475; x_wconf 90' lang='lat' dir='ltr'><strong>simui</strong></span> <span class='ocrx_word' id='word_1_190' title='bbox 416 3412 598 3486; x_wconf 85' lang='lat' dir='ltr'><strong>coadunati,</strong></span> <span class='ocrx_word' id='word_1_191' title='bbox 614 3411 763 3491; x_wconf 80' lang='lat' dir='ltr'><strong>primitus</strong></span> <span class='ocrx_word' id='word_1_192' title='bbox 778 3411 811 3472; x_wconf 95' lang='lat' dir='ltr'><strong>iu</strong></span> <span class='ocrx_word' id='word_1_193' title='bbox 832 3411 918 3472; x_wconf 89' lang='lat' dir='ltr'><strong>bollo</strong></span> <span class='ocrx_word' id='word_1_194' title='bbox 933 3410 1100 3484; x_wconf 81' lang='lat' dir='ltr'><strong>ferierunt,</strong></span> <span class='ocrx_word' id='word_1_195' title='bbox 1120 3410 1253 3472; x_wconf 76' lang='lat' dir='ltr'><strong>multos-</strong></span> 
     </span>
     <span class='ocr_line' id='line_1_27' title="bbox 187 3518 1251 3602; baseline -0.004 -19"><span class='ocrx_word' id='word_1_196' title='bbox 187 3541 249 3602; x_wconf 90' lang='lat' dir='ltr'><strong>que</strong></span> <span class='ocrx_word' id='word_1_197' title='bbox 267 3521 461 3582; x_wconf 78' lang='lat' dir='ltr'><strong>Sarracenos</strong></span> <span class='ocrx_word' id='word_1_198' title='bbox 477 3519 678 3592; x_wconf 89' lang='lat' dir='ltr'><strong>0ccidcrunt,</strong></span> <span class='ocrx_word' id='word_1_199' title='bbox 694 3519 751 3580; x_wconf 91' lang='lat' dir='ltr'><strong>scd</strong></span> <span class='ocrx_word' id='word_1_200' title='bbox 766 3518 895 3580; x_wconf 84' lang='lat' dir='ltr'><strong>tandem</strong></span> <span class='ocrx_word' id='word_1_201' title='bbox 912 3518 1009 3580; x_wconf 90' lang='lat' dir='ltr'><strong>occisi</strong></span> <span class='ocrx_word' id='word_1_202' title='bbox 1035 3518 1179 3579; x_wconf 88' lang='lat' dir='ltr'><strong>martirio</strong></span> <span class='ocrx_word' id='word_1_203' title='bbox 1195 3537 1251 3579; x_wconf 89' lang='lat' dir='ltr'><strong>cc-</strong></span> 
     </span>
     <span class='ocr_line' id='line_1_28' title="bbox 187 3614 1252 3704; baseline -0.007 -16"><span class='ocrx_word' id='word_1_204' title='bbox 187 3632 354 3688; x_wconf 87' lang='lat' dir='ltr'><strong>ronautur.</strong></span> <span class='ocrx_word' id='word_1_205' title='bbox 371 3614 446 3686; x_wconf 84' lang='lat' dir='ltr'><strong>Erat</strong></span> <span class='ocrx_word' id='word_1_206' title='bbox 459 3624 545 3684; x_wconf 90' lang='lat' dir='ltr'><strong>euim</strong></span> <span class='ocrx_word' id='word_1_207' title='bbox 560 3623 689 3685; x_wconf 87' lang='lat' dir='ltr'><strong>iliorum</strong></span> <span class='ocrx_word' id='word_1_208' title='bbox 704 3623 864 3684; x_wconf 86' lang='lat' dir='ltr'><strong>exercitus</strong></span> <span class='ocrx_word' id='word_1_209' title='bbox 890 3629 1028 3704; x_wconf 86' lang='lat' dir='ltr'><strong>quatuor</strong></span> <span class='ocrx_word' id='word_1_210' title='bbox 1052 3622 1199 3683; x_wconf 87' lang='lat' dir='ltr'><strong>millium.</strong></span> <span class='ocrx_word' id='word_1_211' title='bbox 1214 3621 1252 3681; x_wconf 82' lang='lat' dir='ltr'><strong>Et</strong></span> 
     </span>
     <span class='ocr_line' id='line_1_29' title="bbox 187 3729 1251 3812; baseline -0.005 -17"><span class='ocrx_word' id='word_1_212' title='bbox 187 3735 283 3796; x_wconf 86' lang='lat' dir='ltr'><strong>etiarn</strong></span> <span class='ocrx_word' id='word_1_213' title='bbox 301 3751 403 3812; x_wconf 87' lang='lat' dir='ltr'><strong>equus</strong></span> <span class='ocrx_word' id='word_1_214' title='bbox 429 3730 535 3792; x_wconf 86' lang='lat' dir='ltr'><strong>Keroli</strong></span> <span class='ocrx_word' id='word_1_215' title='bbox 567 3729 609 3790; x_wconf 92' lang='lat' dir='ltr'><strong>ibi</strong></span> <span class='ocrx_word' id='word_1_216' title='bbox 632 3729 801 3791; x_wconf 88' lang='lat' dir='ltr'><strong>occiditur.</strong></span> <span class='ocrx_word' id='word_1_217' title='bbox 818 3729 951 3791; x_wconf 87' lang='lat' dir='ltr'><strong>Karolus</strong></span> <span class='ocrx_word' id='word_1_218' title='bbox 977 3747 1052 3790; x_wconf 87' lang='lat' dir='ltr'><strong>vero</strong></span> <span class='ocrx_word' id='word_1_219' title='bbox 1077 3747 1251 3809; x_wconf 86' lang='lat' dir='ltr'><strong>oppressus</strong></span> 
     </span>
     <span class='ocr_line' id='line_1_30' title="bbox 186 3835 1249 3918; baseline -0.007 -17"><span class='ocrx_word' id='word_1_220' title='bbox 186 3838 375 3901; x_wconf 84' lang='lat' dir='ltr'><strong>fortitudine</strong></span> <span class='ocrx_word' id='word_1_221' title='bbox 390 3855 599 3918; x_wconf 82' lang='lat' dir='ltr'><strong>paganorum,</strong></span> <span class='ocrx_word' id='word_1_222' title='bbox 617 3837 789 3915; x_wconf 90' lang='lat' dir='ltr'><strong>resumptis</strong></span> <span class='ocrx_word' id='word_1_223' title='bbox 807 3835 928 3896; x_wconf 85' lang='lat' dir='ltr'><strong>viribus</strong></span> <span class='ocrx_word' id='word_1_224' title='bbox 951 3853 1024 3896; x_wconf 90' lang='lat' dir='ltr'><strong>cum</strong></span> <span class='ocrx_word' id='word_1_225' title='bbox 1044 3835 1110 3896; x_wconf 90' lang='lat' dir='ltr'><strong>suis</strong></span> <span class='ocrx_word' id='word_1_226' title='bbox 1127 3835 1249 3896; x_wconf 83' lang='lat' dir='ltr'><strong>enerci-</strong></span> 
     </span>
     <span class='ocr_line' id='line_1_31' title="bbox 187 3939 1250 4024; baseline -0.006 -18"><span class='ocrx_word' id='word_1_227' title='bbox 187 3945 286 4020; x_wconf 88' lang='lat' dir='ltr'><strong>tibus‚</strong></span> <span class='ocrx_word' id='word_1_228' title='bbox 299 3944 399 4024; x_wconf 88' lang='lat' dir='ltr'><strong>pedes</strong></span> <span class='ocrx_word' id='word_1_229' title='bbox 413 3942 574 4006; x_wconf 85' lang='lat' dir='ltr'><strong>interiecit</strong></span> <span class='ocrx_word' id='word_1_230' title='bbox 590 3943 709 4004; x_wconf 91' lang='lat' dir='ltr'><strong>multos</strong></span> <span class='ocrx_word' id='word_1_231' title='bbox 720 3943 860 4003; x_wconf 90' lang='lat' dir='ltr'><strong>illorum.</strong></span> <span class='ocrx_word' id='word_1_232' title='bbox 876 3943 915 4003; x_wconf 81' lang='lat' dir='ltr'><strong>at</strong></span> <span class='ocrx_word' id='word_1_233' title='bbox 928 3942 972 4002; x_wconf 91' lang='lat' dir='ltr'>illi</span> <span class='ocrx_word' id='word_1_234' title='bbox 991 3940 1074 4001; x_wconf 89' lang='lat' dir='ltr'><strong>ferre</strong></span> <span class='ocrx_word' id='word_1_235' title='bbox 1089 3941 1157 4002; x_wconf 88' lang='lat' dir='ltr'><strong>cius</strong></span> <span class='ocrx_word' id='word_1_236' title='bbox 1170 3939 1250 4001; x_wconf 54' lang='lat' dir='ltr'><strong>‘bel-</strong></span> 
     </span>
     <span class='ocr_line' id='line_1_32' title="bbox 187 4044 1249 4128; baseline -0.006 -16"><span class='ocrx_word' id='word_1_237' title='bbox 187 4050 255 4112; x_wconf 89' lang='lat' dir='ltr'><strong>lum</strong></span> <span class='ocrx_word' id='word_1_238' title='bbox 269 4067 335 4110; x_wconf 93' lang='lat' dir='ltr'><strong>nou</strong></span> <span class='ocrx_word' id='word_1_239' title='bbox 351 4049 504 4122; x_wconf 86' lang='lat' dir='ltr'><strong>valentes,</strong></span> <span class='ocrx_word' id='word_1_240' title='bbox 522 4047 643 4128; x_wconf 80' lang='lat' dir='ltr'><strong>fatigati</strong></span> <span class='ocrx_word' id='word_1_241' title='bbox 661 4066 699 4109; x_wconf 84' lang='lat' dir='ltr'><strong>cx</strong></span> <span class='ocrx_word' id='word_1_242' title='bbox 719 4047 782 4108; x_wconf 91' lang='lat' dir='ltr'><strong>illis</strong></span> <span class='ocrx_word' id='word_1_243' title='bbox 800 4066 882 4126; x_wconf 91' lang='lat' dir='ltr'><strong>quos</strong></span> <span class='ocrx_word' id='word_1_244' title='bbox 903 4045 1100 4119; x_wconf 89' lang='lat' dir='ltr'><strong>occiderant,</strong></span> <span class='ocrx_word' id='word_1_245' title='bbox 1118 4044 1249 4125; x_wconf 83' lang='lat' dir='ltr'><strong>aufuge-</strong></span> 
     </span>
     <span class='ocr_line' id='line_1_33' title="bbox 188 4151 1249 4234; baseline -0.005 -16"><span class='ocrx_word' id='word_1_246' title='bbox 188 4162 264 4222; x_wconf 87' lang='lat' dir='ltr'><strong>runt</strong></span> <span class='ocrx_word' id='word_1_247' title='bbox 275 4157 308 4218; x_wconf 93' lang='lat' dir='ltr'><strong>in</strong></span> <span class='ocrx_word' id='word_1_248' title='bbox 322 4156 454 4230; x_wconf 85' lang='lat' dir='ltr'><strong>urbem;</strong></span> <span class='ocrx_word' id='word_1_249' title='bbox 470 4155 604 4218; x_wconf 88' lang='lat' dir='ltr'><strong>Karolus</strong></span> <span class='ocrx_word' id='word_1_250' title='bbox 617 4173 692 4217; x_wconf 88' lang='lat' dir='ltr'><strong>vero</strong></span> <span class='ocrx_word' id='word_1_251' title='bbox 706 4155 896 4234; x_wconf 89' lang='lat' dir='ltr'><strong>insequutus</strong></span> <span class='ocrx_word' id='word_1_252' title='bbox 909 4153 981 4215; x_wconf 90' lang='lat' dir='ltr'><strong>illos</strong></span> <span class='ocrx_word' id='word_1_253' title='bbox 997 4152 1125 4215; x_wconf 89' lang='lat' dir='ltr'><strong>obsedit</strong></span> <span class='ocrx_word' id='word_1_254' title='bbox 1135 4151 1249 4214; x_wconf 87' lang='lat' dir='ltr'><strong>urbem</strong></span> 
     </span>
    </p>
   </div>
   <div class='ocr_carea' id='block_1_8' title="bbox 0 0 1526 4942">
    <p class='ocr_par' dir='ltr' id='par_1_8' title="bbox 0 0 1526 4942">
     <span class='ocr_line' id='line_1_34' title="bbox 0 0 1526 4942; baseline 0 1"><span class='ocrx_word' id='word_1_255' title='bbox 0 0 1526 4942; x_wconf 95' lang='lat' dir='ltr'><strong> </strong></span> 
     </span>
    </p>
   </div>
  </div>
 </body>
</html>
