3042 4942
616 445 804 494 ...IX-

168 572 233 668 28)
252 578 394 665 portent
416 593 477 641 sor
498 571 551 643 les
578 571 693 666 points
718 573 890 644 suivants.
913 575 962 646 Le
988 578 1159 671 prologue
1190 603 1234 650 ou

169 696 313 767 lettre«
332 695 377 766 ad
399 694 644 788 Leoprandum
661 720 679 765 »
699 719 736 768 se
757 697 906 769 termine
925 701 1013 771 ainsi
1039 703 1126 774 dans
1145 705 1232 776 l’an-

169 817 247 889 cien
266 826 388 890 texte:
408 841 427 887 «
445 818 628 910 Magnalia
647 842 714 912 que
734 844 797 892 rex
820 823 933 915 gessit
950 824 985 894 in
1003 826 1173 920 Hispania
1198 828 1234 898 in

168 943 278 1014 nullis
305 943 408 1036 plene
437 942 609 1013 chronicis
639 945 866 1016 inveniuntur
890 948 1085 1042 divulgata.
1106 950 1164 1037 Et,
1197 961 1234 1022 ut

169 1065 256 1136 mihi
273 1065 476 1160 scripsistis,
502 1087 543 1137 ea
560 1066 717 1160 plenarie
736 1071 915 1163 repperire
939 1081 1058 1144 vestra
1079 1074 1235 1168 nequivit

169 1190 403 1262 Fraternitas.
424 1214 444 1258 »
464 1191 515 1262 Le
534 1214 685 1284 passage
708 1215 774 1285 que
791 1194 948 1267 donnent
962 1197 1014 1268 les
1031 1198 1179 1270 editions
1198 1209 1233 1271 et

168 1320 271 1382 notre
287 1321 386 1383 texte
402 1323 456 1384 est
467 1313 727 1399 toutdifferent,
748 1323 784 1385 et
800 1315 825 1385 il
839 1328 928 1412 yest
941 1317 1003 1390 fait
1018 1321 1170 1392 mention
1189 1322 1232 1392 de

169 1437 205 1506 la
218 1437 416 1530 Chroniqoe
429 1438 551 1532 royale
561 1438 604 1509 de
618 1437 860 1510 saint-Denis.
878 1441 933 1512 Ao
948 1442 1106 1536 chapitre
1120 1445 1232 1516 XXX

171 1561 317 1656 (XXXI
338 1561 486 1656 Ciampi)
505 1561 540 1632 le
558 1570 656 1635 texte
678 1563 802 1634 ancien
820 1565 956 1637 donne:
976 1566 1145 1638 «Deinde
1170 1591 1231 1639 ve-

169 1685 270 1756 niens
290 1684 336 1755 ad
355 1684 660 1775 Ecclesiambeati
676 1686 835 1782 Dionysii
852 1689 1014 1759 eumdem
1034 1689 1148 1760 locum
1171 1691 1233 1760 ho·

168 1809 308 1881 noravit
327 1818 362 1880 et
378 1809 676 1881 obsecrationibus
693 1819 729 1882 et
746 1812 992 1884 oblationibus.
1015 1839 1034 1882 »
1054 1814 1109 1885 On
1127 1837 1230 1885 verra

168 1940 236 2028 que
250 1943 341 2006 cette
358 1943 479 2006 coorta
496 1934 684 2006 indication
702 1944 756 2006 est
771 1936 969 2029 remplacee
988 1960 1051 2030 par
1069 1960 1114 2010 un
1144 1937 1230 2030 long

169 2059 463 2151 developpement
489 2081 532 2129 en
560 2058 743 2130 l’honneur
772 2061 815 2130 de
846 2061 1006 2156 l'abbaye
1035 2062 1078 2132 de
1113 2061 1231 2132 Saint-

168 2183 291 2269 Denis,
312 2188 588 2267 commendante
608 2208 627 2252 «
644 2185 743 2254 Tunc
765 2185 919 2256 adunato
938 2186 1178 2278 episcoporum
1197 2195 1232 2257 et

168 2306 363 2400 principum
382 2307 528 2378 concilio
534 2363 607 2395 .....
623 2333 642 2378 >>
667 2319 702 2379 et
724 2308 924 2379 finissent&
945 2333 964 2378 «
988 2309 1177 2380 dominatio
1198 2319 1233 2380 et

168 2432 276 2502 decus
302 2430 371 2501 illis
391 2431 551 2501 debetur.
574 2457 594 2502 »
620 2434 676 2504 Au
700 2432 857 2526 chapitre
884 2434 970 2521 XII,
994 2433 1051 2526 qui
1077 2433 1231 2504 contient

167 2559 220 2628 les
244 2580 342 2628 noms
363 2557 425 2628 des
444 2557 624 2650 guerriers
645 2559 688 2629 de
706 2558 977 2651 Charlemagne,
999 2557 1032 2628 16
1052 2565 1150 2630 texte
1169 2581 1231 2628 an-

167 2682 245 2753 cien
264 2703 308 2752 ne
330 2681 445 2752 donne
466 2682 565 2776 point
586 2684 638 2754 les
665 2705 834 2777 passages
851 2683 1010 2754 suivants
1033 2706 1039 2751 :
1060 2687 1081 2752 a
1102 2705 1229 2776 propos

167 2803 211 2875 de
227 2803 369 2874 Roland
386 2827 405 2873 ‹<
425 2803 525 2875 Alius
546 2813 664 2877 tamen
689 2805 873 2877 Rolandus
891 2805 956 2877 fuit
971 2806 1015 2877 de
1038 2828 1105 2899 quo
1127 2805 1227 2876 nobis

167 2937 340 3009 silendum
361 2945 435 3026 est3
460 2962 479 3006 »
501 2942 523 3007 a
547 2959 674 3030 propos
704 2935 961 3028 d’Arastagnus
980 2958 999 3004 «
1023 2933 1125 3004 Alius
1141 2940 1230 3003 tem-

168 3085 253 3156 pore
269 3061 370 3132 istios
388 3084 452 3132 rex
471 3061 507 3131 in
530 3061 716 3132 Britannia
742 3069 819 3131 erat
837 3059 965 3161 dequo
986 3057 1115 3130 mentio
1136 3079 1230 3128 nunc

167 3186 213 3256 ad
234 3186 373 3279 plenum
402 3208 471 3255 non
496 3184 556 3273 fit3
577 3210 595 3254 ›>
620 3189 640 3254 a
658 3206 784 3277 propos
808 3182 996 3274 d’Engeler
1017 3204 1036 3249 «
1057 3180 1230 3272 Tempore

167 3308 269 3380 istius
290 3308 459 3401 Engeleri
477 3317 553 3379 erat
579 3308 668 3378 alius
689 3330 804 3378 comes
820 3307 856 3377 in
874 3305 1075 3399 Aquitania,
1098 3302 1231 3374 scilicet

166 3433 203 3502 in
223 3433 308 3502 urbe
324 3431 569 3518 Pictavorum‚
588 3431 712 3523 dequo
728 3453 798 3500 non
812 3438 866 3501 est
876 3429 976 3500 modo
988 3427 1185 3498 dicendum.
1208 3452 1227 3497 >›

218 3556 286 3626 Les
310 3554 529 3625 conclusions
553 3555 595 3624 de
623 3556 674 3624 M.
700 3555 835 3626 Gaston
859 3554 960 3624 Paris
989 3561 1068 3623 sont
1089 3574 1155 3644 que
1178 3552 1229 3622 les

167 3678 247 3770 cinq
276 3677 446 3770 premiers
476 3677 651 3770 chapitres
686 3677 731 3747 du
759 3675 1057 3769 Pseudo-Turpin
1087 3653 1148 3746 ont
1173 3681 1229 3747 616

168 3799 310 3892 rediges
330 3823 393 3892 par
414 3823 460 3869 un
485 3799 599 3869 moine
627 3799 798 3892 espagnol
822 3799 865 3870 de
891 3799 1163 3892 Saint-Jacques
1186 3799 1228 3870 de

168 3923 417 4015 Compostelle‚
442 3915 631 3994 les'autres
647 3946 710 4015 par
732 3946 778 3992 un
797 3922 910 3992 moine
929 3923 971 3992 de
991 3921 1230 3993 Sami-Andre

167 4049 212 4118 de
233 4046 384 4134 Vienne,
405 4054 440 4117 et
459 4069 525 4140 qoe
541 4047 574 4116 le
601 4055 698 4117 texte
717 4047 751 4118 16
769 4046 848 4140 plus
874 4053 1022 4117 soovent
1049 4045 1229 4138 reprodoit
