3042 4942
617 389 812 460 -.57-

171 535 338 610 funderet,
354 541 386 596 et
406 553 466 614 pro
482 534 670 596 Christianis
684 535 831 595 similiter
842 535 895 614 qui
909 536 1040 615 propria
1052 553 1108 596 sua
1118 553 1177 614 pro
1191 535 1240 597 di·

174 642 255 702 vino
280 659 392 702 amore
412 639 612 713 dimiserant,
637 646 668 700 et
691 641 723 700 in
748 640 900 720 Hispania
922 641 954 701 in
976 639 1070 702 bellis
1092 639 1240 702 Sarrace-

171 763 294 806 norum
314 744 459 824 martyrii
481 762 635 805 coronam
657 749 858 824 acceperant.
880 743 980 805 Nocte
1003 743 1149 823 proxima
1173 743 1240 823 regi

174 851 354 913 dormienti
388 850 502 912 beatus
529 849 716 931 Dionysius
732 849 889 929 apparuit,
925 867 1063 930 eumque
1091 849 1242 912 excitavit

173 955 310 1017 dicens:
326 954 391 1015 lllis
405 955 459 1034 qui
475 961 530 1015 tua
545 953 766 1016 admonitione
780 959 811 1015 et
825 955 973 1034 exemplo
988 961 1050 1016 tuae
1071 953 1241 1033 probitatis
1334 955 1341 966 '

174 1061 311 1122 animati
324 1061 356 1120 in
373 1060 467 1120 bellis
486 1059 736 1121 Sarracenorum
750 1060 783 1120 in
797 1059 948 1140 Hispania
962 1060 1080 1120 mortui
1097 1066 1129 1120 et
1143 1059 1241 1120 mori-

173 1167 241 1227 turi
265 1172 351 1239 sunt,
367 1165 560 1227 delictorum
574 1166 719 1226 omnium
744 1183 877 1226 suorum
891 1166 1030 1239 veniam,
1049 1171 1081 1226 et
1102 1165 1165 1226 illis
1187 1167 1241 1244 qui

174 1291 332 1333 nummos
357 1270 397 1331 ad
419 1270 641 1332 aedificandam
662 1272 833 1332 ecclesiam
857 1289 962 1339 meam
987 1271 1064 1333 dant
1085 1279 1117 1331 et
1138 1270 1242 1333 daturi

104 1373 110 1381 '
177 1384 266 1452 sunt,
289 1377 446 1457 gravioris
461 1377 509 1438 sui
525 1377 666 1438 vulneris
679 1377 874 1438 medicinam
890 1377 988 1438 abeo
1008 1378 1189 1457 impetravi.
1205 1412 1244 1421 -

176 1481 236 1542 His
249 1501 267 1542 a
279 1499 354 1558 rege
367 1479 488 1552 relatis,
500 1480 612 1559 populi
623 1499 774 1541 nummos
788 1480 1007 1542 saluberrimae
1019 1481 1244 1560 promissionis

179 1567 391 1649 devotissime
407 1584 596 1659 offerebant,
618 1587 720 1666 etqui
739 1586 892 1647 libentius
910 1585 1077 1660 reddebat,
1103 1585 1244 1648 Francus

179 1693 284 1754 sancti
301 1692 444 1772 dionysii
462 1691 584 1771 ubique
604 1690 796 1764 vocabatur3
820 1691 972 1770 quoniam
992 1691 1074 1753 liber
1095 1691 1134 1753 ab
1156 1691 1244 1753 omni

179 1799 347 1870 servitute,
360 1815 434 1876 rege
446 1797 666 1876 praecipiente,
681 1801 759 1856 erat.
776 1795 857 1858 Hinc
872 1815 943 1858 mos
958 1796 1095 1857 surrexit
1109 1803 1143 1856 nt
1158 1801 1243 1856 terre

180 1905 237 1965 illa
251 1922 323 1984 quae
343 1907 436 1964 antea
448 1902 624 1964 vocabatur
644 1901 755 1975 Gallia,
769 1908 847 1964 tunc
860 1902 994 1964 Francia
1009 1883 1189 1975 vocaretur,
1210 1901 1244 1962 id

181 2015 231 2070 est
251 2009 291 2070 ab
306 2009 394 2069 omni
416 2009 567 2068 servitute
589 2007 723 2089 aliarum
743 2008 887 2086 gentium
906 2007 1025 2080 libera;
1050 2013 1245 2088 quapropter

182 2114 324 2175 Francus
339 2113 422 2174 liber
442 2113 570 2187 dicitur,
590 2113 664 2192 quia
679 2130 775 2192 super
790 2131 902 2174 omnes
917 2119 1028 2192 gentes
1047 2113 1124 2173 alias
1144 2093 1243 2173 decus
1302 2143 1318 2173 e

183 2227 215 2282 et
238 2220 417 2281 dominatio
439 2218 484 2278 illi
506 2202 762 2320 debeturssuno
776 2219 909 2281 Karolus
930 2239 984 2281 rex
1008 2220 1242 2299 Aquisgranum
1275 2206 1281 2216 ’

128 2340 137 2346 ·’
169 2315 296 2388 ¹versus
318 2324 472 2386 Leodium
493 2325 645 2404 perrexit,
662 2330 694 2386 et
715 2324 829 2386 balnea
851 2345 931 2406 aqua
952 2325 1055 2386 calida
1076 2332 1107 2385 et
1128 2324 1244 2403 Frigida

182 2435 360 2510 temperata
383 2429 416 2488 in
438 2428 550 2489 eadem
564 2428 638 2489 villa
651 2429 786 2507 paravit,
808 2436 840 2489 et
859 2429 961 2491 beatae
980 2429 1083 2490 Mariae
1105 2428 1242 2506 Virginis

183 2535 351 2596 basilicam
364 2551 458 2613 quam
470 2531 514 2592 ibi
531 2531 756 2607 aedificaverat,
773 2551 850 2595 auro
864 2539 896 2594 et
910 2539 1041 2612 argento
1053 2532 1242 2611 cunctisque

186 2637 352 2700 ornatibus
377 2636 780 2698 ecclesiasticisdecenter
803 2637 981 2711 adornavit,
1008 2637 1189 2716 veterisque
1214 2641 1245 2696 et

185 2743 368 2821 novaelegis
382 2741 524 2818 historiis
539 2760 609 2802 eam
624 2740 752 2821 depingi
771 2742 874 2815 iussit,
890 2749 921 2803 et
932 2742 1085 2822 palatium
1097 2741 1243 2804 similiter

186 2848 273 2928 quod
286 2848 355 2926 ipse
366 2847 452 2906 iuxta
467 2864 537 2906 eam
549 2846 771 2910 aedificaverat.
784 2846 871 2906 Bella
883 2865 1030 2926 namque,
1048 2865 1119 2926 quae
1131 2845 1242 2924 ipsein

183 2951 336 3032 Hispania
349 2949 476 3021 devicit,
489 2954 521 3009 et
531 2955 654 3029 septem
664 2949 813 3010 liberales
825 2955 919 3022 artes,
932 2949 1015 3010 inter
1027 2955 1142 3022 cetera,
1161 2950 1241 3010 miro

166 3143 168 3147 Ι
186 3059 284 3120 modo
300 3058 333 3118 in
349 3075 387 3118 eo
403 3056 528 3136 depicta
542 3063 626 3117 sunt.

1222 3214 1248 3257 'x

629 3283 787 3354 XXXI.

282 3489 326 3550 DF
350 3507 460 3551 SEPTEM
481 3505 604 3551 ARTIBUS
626 3507 701 3558 QUAS
723 3489 860 3552 KAROLUS
880 3509 996 3554 DFPINGI
1017 3510 1099 3554 FECIT
1120 3511 1148 3554 ΙΝ

612 3611 735 3655 PALATIO
758 3611 823 3656 SUO.

228 3788 273 3848 De
290 3788 514 3852 Grammatico.
537 3827 576 3835 -
592 3792 803 3854 Grammatico
818 3796 940 3857 scilicet
954 3817 1025 3877 quae
1040 3803 1088 3857 est
1102 3796 1244 3856 omnium

190 3895 305 3955 artium
325 3901 436 3970 mater,
453 3893 524 3977 quae
537 3899 631 3960 docet
646 3907 725 3979 quot
739 3907 770 3960 et
780 3901 889 3980 quales
902 3903 1026 3976 litterae,
1041 3909 1072 3964 et
1082 3902 1246 3983 quomodo

196 4000 313 4060 debent
341 4002 449 4075 scribi,
476 4011 507 4064 et
528 4005 644 4084 quibus
662 4006 776 4068 litteris
802 4013 906 4086 partes
930 4015 961 4068 et
982 4009 1103 4070 sillabae
1130 4008 1249 4069 debent

198 4107 348 4181 adscribi,
367 4113 398 4168 et
419 4109 536 4188 quibus
558 4110 638 4172 loeis
661 4111 816 4192 ditongon
838 4116 1001 4194 componi,
1024 4120 1058 4176 ut
1081 4114 1145 4176 duo
1162 4120 1250 4176 orto-

1056 4221 1103 4294 ’5
