3042 4942
592 431 784 502 -67-

156 580 326 652 metuerit,
344 580 461 640 iniuste
476 579 568 640 illum
585 579 775 642 abstulerint
791 579 840 640 vel
854 578 1085 664 fraudaverint.
1103 579 1218 653 Amen,

157 687 272 759 Amen,
288 684 403 745 Amen.
420 684 541 746 Valete.

196 790 263 870 Ego
279 789 447 850 Albericus
464 790 588 869 legatus
606 790 724 870 praesul
744 789 924 851 llostiensis
946 790 987 852 ad
1003 789 1102 852 decus
1119 793 1220 853 sancti

156 895 266 958 lacobi
290 895 382 957 cuius
412 913 523 956 servus
545 913 627 968 sum,
645 896 732 957 hunc
759 895 905 957 codicem
930 896 1064 975 legalem
1087 901 1119 958 et
1140 897 1222 958 liariss

158 1002 278 1062 simum
295 1006 329 1062 et
338 1019 397 1081 per
411 1001 519 1062 omnia
532 1001 728 1063 laudabilem
743 1001 812 1063 fore
825 1001 979 1082 praedioo.

198 1106 264 1186 Ego
288 1106 468 1184 Aimericus
486 1107 697 1170 cancellarius
720 1107 807 1169 hunc
829 1107 947 1168 librum
971 1109 1169 1170 autenticum
1190 1114 1222 1169 et

158 1230 307 1273 veracem
319 1211 387 1273 iore
400 1211 607 1274 adhouorem
619 1213 721 1275 sancti
736 1213 843 1274 lacobi
855 1232 951 1274 manu
964 1231 1035 1274 mea
1046 1213 1220 1276 scribendo

158 1317 300 1379 affirmo.

198 1424 266 1503 Ego
280 1423 434 1485 Girardus
460 1423 499 1484 de
514 1423 756 1497 Sancta-Cruca‚
774 1425 958 1500 cardinalis,
973 1425 1059 1488 hunc
1075 1426 1221 1488 codicem

157 1529 345 1609 preciosum
356 1528 396 1591 ad
411 1528 511 1592 decus
524 1529 625 1590 sancti
642 1529 747 1590 lacobi
760 1548 865 1609 penna
877 1549 947 1592 mea
962 1530 1136 1593 scribendo
1153 1550 1223 1593 cor-

158 1633 295 1695 roboro.

199 1738 267 1818 Ego
281 1737 386 1802 Guido
407 1737 542 1800 Pisanus
560 1738 732 1800 cardinalis
754 1740 841 1820 quod
858 1741 1007 1804 dominus
1021 1742 1107 1822 Papa
1125 1742 1221 1804 1000-

159 1845 289 1906 centius
303 1844 504 1919 testificatur,
523 1845 660 1907 affirmo.

130 2001 131 2004 ,
199 1937 1222 2031 EgolvocardinalisquoddominiPapaelnnocentiiauctcritas

160 2053 310 2128 affirmat,
327 2054 460 2116 laudare
473 2075 538 2118 non
555 2075 682 2118 recuso.

199 2157 265 2238 Ego
282 2157 453 2238 Gregorius
467 2160 650 2233 cardinalis,
666 2159 903 2239 neposdomini
920 2163 1013 2244 Papae
1030 2163 1220 2238 Innocentii‚

143 2264 248 2347 ‘hunc
263 2262 410 2325 codicem
421 2265 578 2345 optimum
596 2265 635 2327 ad
650 2266 807 2328 honorem
822 2268 906 2330 beati
920 2268 1025 2331 lacobi
1040 2288 1097 2349 per
1113 2269 1222 2330 omnia

160 2368 271 2430 laudo.

199 2473 265 2553 Ego
286 2473 390 2536 Guido
414 2473 616 2536 Lumbardus
639 2476 812 2538 cardinalis
836 2478 955 2540 librum
979 2479 1076 2540 istum
1099 2478 1222 2540 bonum

160 2585 193 2639 et
205 2579 461 2658 pulcherrimum
477 2580 516 2642 ad
536 2579 636 2643 decus
650 2583 753 2644 sancti
770 2581 877 2645 lacobi
893 2583 1049 2664 glorifico.

200 2681 266 2762 Ego
287 2683 459 2762 Gregorius
474 2684 583 2746 lhenia
597 2685 769 2748 cardinalis
788 2685 876 2749 hunc
896 2687 1041 2750 codicem
1063 2687 1222 2768 optimum

160 2787 309 2848 similiter
322 2787 363 2849 ad
375 2787 474 2850 decus
489 2791 590 2851 sancti
602 2789 709 2852 lacobi
721 2791 829 2853 laudo,
1019 2795 1021 2800 '

674 3053 712 3122 Ο.

327 3349 330 3354 .
438 3291 483 3352 Dr
504 3292 697 3354 Amuuruoaa
719 3291 865 3384 Coeuuau
889 3294 940 3372 (l).

202 3536 408 3618 Quid'patriae
424 3535 558 3597 Galeciae
568 3539 643 3616 post
653 3537 759 3599 Karoli
771 3547 907 3601 mortem
922 3541 1050 3615 accidit,
1066 3541 1161 3602 nobis
1173 3547 1223 3602 est

85 3659 88 3665 ’
162 3643 326 3706 memoriae
344 3641 549 3704 tradendum.
567 3642 646 3704 Cum
663 3645 760 3724 igitur
776 3653 851 3726 post
875 3639 980 3708 llaroli
1003 3654 1139 3709 mortem
1161 3648 1221 3710 Ga-

162 3751 252 3813 leciae
263 3751 359 3812 tellus
372 3749 539 3830 permulta
552 3755 698 3830 tempora
711 3752 742 3814 in
764 3771 842 3832 pace
857 3754 1048 3833 quiesceret,
1065 3755 1222 3817 daemouis

125 4005 126 4010 ¹
197 3982 233 4050 (1)
249 3999 262 4031 a
277 3985 427 4036 Notandum
441 3988 482 4036 est
497 3984 634 4037 historiam
650 4001 711 4052 quaa
726 3989 753 4039 10
768 3988 818 4040 hoo
828 3989 946 4054 capitulo
957 3990 1081 4060 narratur
1090 3989 1118 4038 in
1130 3987 1222 4052 aliqua

161 4080 238 4142 parte
251 4089 341 4128 veram
353 4089 420 4128 esse.
437 4078 513 4128 Anno
526 4079 714 4130 DGGCCXCVH
728 4081 827 4131 invasit
838 4078 981 4130 almanzor
995 4077 1048 4146 (hio
1061 4077 1220 4146 Altumajor)

163 4171 314 4232 cellerium,
323 4174 490 4236 narrantque
501 4173 622 4223 00000111
635 4173 754 4244 historici
764 4175 824 4224 11101
838 4175 910 4240 quod
923 4178 1059 4235 01000001,
1073 4175 1220 4227 exercitum
