3042 4942
288 541 407 603 corpus
432 525 594 582 mortuum
619 525 667 581 est
692 519 760 580 sine
787 519 904 592 anima,
930 519 972 580 ita
997 518 1078 580 fides
1104 519 1172 580 sine
1197 519 1372 608 operibus

289 634 416 689 mortua
441 633 489 688 est
514 627 546 686 in
573 626 755 705 semetipsa.
794 624 883 686 Siout
905 643 959 684 rex
985 643 1129 704 paganus
1153 624 1371 705 baptismum

290 733 446 814 reppulit,
470 731 589 792 iccirco
613 730 688 810 quia
709 729 859 809 baptismi
881 747 978 808 opera
998 737 1085 790 recta
1100 729 1132 789 in
1155 729 1271 790 Karolo
1287 747 1371 792 non

289 840 380 913 vidit,
398 839 444 900 sic
458 838 556 898 timeo
575 855 615 897 ne
635 836 733 897 fidem
747 835 898 916 baptismi
919 835 952 895 in
970 836 1064 896 nobis
1081 834 1237 897 Dominus
1256 854 1371 915 repu-

291 945 356 1006 diet
371 944 404 1004 in
419 941 531 1003 iudicii
548 941 611 1014 die,
628 941 747 1002 iccirco
763 941 837 1021 quia
852 940 1002 1020 baptismi
1017 959 1119 1020 opera¹
1129 941 1161 1002 in
1177 940 1274 1002 nobis
1287 959 1370 1001 non

290 1048 444 1110 inveniet.

770 1283 872 1352 XIV.

392 1517 539 1578 DEBELLO
557 1515 580 1576 P
582 1533 748 1577 AMPILONIAE
764 1535 800 1577 ΕΤ
816 1535 854 1577 DE
869 1534 966 1578 MORTE
979 1518 1143 1580 Alconannl
1158 1537 1251 1582 REGIS.

333 1759 409 1821 lnde
423 1761 561 1822 crastina
576 1738 628 1820 (lie
642 1777 755 1820 omnes
769 1759 880 1820 armati
894 1777 932 1820 ex
945 1765 1078 1840 utraque
1093 1765 1183 1840 parte
1198 1778 1365 1822 convene-

293 1873 367 1929 runt
381 1868 414 1929 in
429 1885 543 1946 campo
559 1865 634 1926 belli
650 1884 746 1934 causa
761 1865 941 1946 pugnandi,
959 1865 1093 1946 praelato
1107 1873 1202 1946 pacto
1220 1866 1365 1929 duarum

293 1973 399 2052 legum
418 1972 469 2052 (l).
489 1971 528 2032 Et
545 1977 613 2032 erat
628 1971 787 2031 exercitus
807 1970 914 2031 Karoli
932 1975 1061 2050 centum
1076 1971 1206 2049 triginta
1218 1977 1365 2051 quatuor

294 2076 449 2149 millibus,
466 2083 497 2136 et
513 2075 672 2137 exercitus
685 2073 855 2154 Aigolandi
871 2081 1001 2136 centum
1016 2074 1168 2136 millibus.
1185 2073 1362 2138 Christiani

295 2202 371 2245 vero
388 2190 525 2262 quatuor
539 2183 623 2244 acics
637 2181 784 2244 fecerunt
794 2229 801 2255 ‚
813 2179 849 2243 'et
864 2181 1030 2243 Sarraceni
1051 2183 1205 2263 quinque,
1221 2201 1361 2263 quarum

294 2290 398 2369 prima
414 2307 485 2368 quae
506 2288 547 2350 ad
567 2288 689 2349 bellum
710 2289 859 2368 primitus
884 2288 1034 2362 accessit,
1059 2289 1166 2349 statim
1181 2287 1360 2362 viotafuit;

296 2394 413 2474 deindo
428 2394 571 2455 secunda
584 2399 689 2454 turma
706 2393 957 2454 sarracenorum
972 2394 1119 2468 accessit,
1134 2399 1166 2454 et
1180 2394 1267 2456 illico
1283 2413 1363 2456 con-

244 2509 246 2514 '
295 2501 379 2563 victa
394 2499 464 2561 fuit.
481 2499 551 2561 Mox
565 2505 599 2560 ut
619 2498 769 2560 viderunt
786 2498 952 2560 Sarraceni
975 2499 1203 2561 detrimentum
1226 2501 1291 2574 sui,
1309 2501 1360 2560 in-

297 2607 391 2668 simul
413 2606 637 2667 coadunantur
652 2623 781 2679 omncs,
797 2612 829 2666 et
845 2606 1044 2685 aigolandus
1058 2608 1090 2668 in
1106 2608 1213 2670 medio
1228 2608 1359 2669 illorum

297 2712 409 2773 extitit.
425 2710 518 2782 Quod
534 2717 569 2771 ut
582 2709 752 2772 Christiani
773 2710 933 2785 viderunt,
951 2708 1160 2774 accinxerunt
1175 2713 1248 2774 illos
1263 2713 1360 2774 undi-

298 2836 370 2900 que.
388 2817 433 2878 Ex
449 2836 513 2878 una
527 2822 617 2896 parte
638 2816 775 2877 accinxit
793 2817 866 2879 illos
880 2818 1040 2880 Arnaldus
1059 2819 1098 2880 de
1114 2819 1267 2881 Bellanda
1286 2838 1361 2880 cum

298 2941 357 2985 suo
379 2922 533 2994 exercitu,
557 2939 596 2982 ex
618 2920 678 2982 alia
698 2921 839 2984 Estultus
854 2941 964 2984 comes
979 2943 1052 2984 cum
1067 2942 1126 2985 suo
1148 2925 1302 2997 exercitu,
1320 2943 1360 2985 ex

299 3030 359 3090 alia
372 3030 566 3107 Arastagnus
588 3047 642 3089 rex
664 3047 737 3090 cum
760 3049 829 3103 suo,
844 3049 882 3092 ex
895 3031 956 3091 alia
969 3029 1197 3093 Gandeboldns
1212 3051 1268 3092 rex
1285 3050 1360 3104 cum

300 3155 370 3209 suc,
387 3142 418 3196 et
433 3154 471 3195 ex
495 3135 555 3196 alia
579 3134 726 3213 Olgerius
743 3154 797 3197 rex
821 3155 894 3197 cum
917 3156 990 3210 suo,
1009 3143 1094 3198 etex
1120 3137 1180 3198 alia
1204 3137 1359 3212 Constan-

299 3242 385 3302 tinus
397 3259 453 3302 rex
468 3259 542 3301 oum
557 3259 628 3313 suo,
645 3246 676 3300 et
691 3259 729 3300 ex
752 3241 813 3302 alia
838 3241 970 3303 Karalus
985 3261 1059 3303 cum
1074 3243 1252 3304 innumeris
1268 3221 1359 3304 exerss

301 3345 417 3407 citibus
439 3345 515 3406 suis.
538 3345 625 3406 Tunc
648 3345 808 3408 Arnaldus
823 3347 862 3408 dc
876 3347 1028 3410 Bellanda
1043 3367 1116 3409 cum
1137 3367 1195 3410 suo
1218 3349 1360 3410 exercitu

300 3451 424 3531 primus
444 3449 537 3510 irruit
561 3467 658 3528 super
674 3449 763 3524 illos,
780 3457 811 3511 et
833 3452 1004 3513 trucidavit
1021 3472 1057 3513 ac
1076 3453 1290 3533 praecipitavit
1303 3472 1361 3514 eos

302 3557 342 3618 ad
357 3557 519 3618 dexteram
538 3563 569 3616 et
590 3555 630 3617 ad
654 3556 783 3631 laevam,
800 3577 968 3639 quousque
990 3561 1136 3639 pervenit
1152 3560 1192 3622 ad
1209 3560 1361 3639 aigolan-

273 3671 275 3675 ’
303 3664 391 3738 dum,
414 3664 467 3743 qui
488 3663 521 3724 in
536 3663 644 3724 medio
659 3664 788 3726 illorum
805 3671 882 3740 crat,
899 3672 930 3726 et
944 3672 1093 3747 potenter
1115 3669 1247 3749 propria
1271 3674 1362 3748 spata

340 3915 376 3983 (l)
392 3918 440 3967 Ces
453 3919 519 3968 trois
530 3921 600 3968 mots
611 3931 645 3969 ou
660 3919 721 3969 bien
735 3921 796 3969 sont
812 3933 865 3970 une
875 3919 949 3985 glosa
962 3919 1128 3982 maladroite‚
1142 3933 1188 3971 car
1206 3920 1231 3970 la
1243 3931 1360 3971 conven-

304 4014 359 4062 tion
384 4012 426 4062 n'a
448 4013 509 4077 plus
532 4013 563 4064 de
588 4015 677 4064 raison
696 4011 787 4071 d'ritre,
809 4028 844 4065 ou
867 4015 1006 4078 indiquent
1028 4028 1080 4080 quc
1100 4017 1193 4081 depuis
1214 4015 1362 4068 conceditur

303 4104 341 4172 (p.
359 4111 401 4168 21,
416 4108 434 4158 l.
448 4105 489 4174 22)
503 4121 570 4160 nous
582 4122 665 4160 avons
675 4108 766 4160 affaire
780 4106 858 4160 aune
872 4109 1069 4173 interpolation.
