3042 4942
623 419 795 491 ,3-

170 570 341 650 statimque
362 569 497 630 intuitus
522 574 571 630 est
597 569 629 629 in
655 568 726 630 celo
755 567 928 648 quamdam
955 568 1038 629 viam
1070 567 1235 628 stellarum

169 676 379 756 incipientem
395 695 413 736 a
427 675 507 736 mari
522 674 643 748 Frisiae,
659 680 691 736 et
705 673 892 736 tendentem
907 675 991 736 inter
1005 674 1235 736 Theutonicam

169 785 201 842 et
214 780 366 854 ltaliam,
382 781 467 842 inter
489 777 622 841 Galliam
643 783 676 840 et
696 778 919 858 Aquitaniam,
945 778 1124 839 rectissime
1146 783 1234 840 tran-

169 892 316 949 seuntem
331 903 389 966 per
400 885 603 967 Gaseoniam,
616 884 828 965 Baselam'que
843 890 874 945 et
887 885 1061 946 Navarram
1077 892 1108 945 et
1121 883 1235 964 Hispa-

168 991 256 1052 niam
271 1008 373 1071 usque
389 989 430 1051 ad
444 988 615 1063 Galeeiam,
629 1008 692 1069 qua
704 988 789 1050 beati
805 988 912 1051 lacobi
926 1008 1045 1070 corpus
1059 994 1137 1050 tune
1152 995 1233 1051 tem-

167 1096 257 1178 poris
267 1094 387 1156 latebat
402 1085 733 1194 incognituleuam
748 1095 833 1155 viam
847 1113 921 1155 cum
940 1095 1074 1156 Karalus
1095 1113 1153 1175 per
1167 1096 1233 1156 sin-

168 1201 260 1282 gulas
274 1206 386 1261 nectes
399 1216 483 1278 saepe
499 1197 698 1278 perspiceret
711 1199 809 1278 eoepit
824 1199 1002 1279 saepissime
1017 1199 1234 1279 praemeditari

168 1307 248 1388 quid
271 1305 476 1386 significaret.
501 1302 558 1364 Cui
579 1303 648 1364 baec
673 1323 799 1366 summo
830 1305 937 1366 studio
962 1306 1115 1385 cogitanti
1139 1305 1234 1368 heros

170 1413 302 1496 quidam
317 1413 472 1493 optimam
496 1424 532 1473 ae
552 1411 805 1492 pulcherrimam
829 1412 912 1473 ultra
927 1431 1023 1492 quam
1038 1411 1101 1473 dici
1120 1412 1168 1473 fas
1186 1417 1236 1474 est

170 1517 457 1597 habensspeciem,
475 1523 571 1578 nocte
582 1517 616 1576 in
628 1517 744 1578 ecstasi
757 1517 904 1597 apparuit
921 1517 1048 1579 dicens:
1064 1518 1142 1598 quid
1154 1519 1232 1597 agis,

169 1627 214 1688 lili
228 1625 587 1706 mil—Atilleinquit:
601 1625 712 1705 quies,
727 1624 880 1686 domine?
891 1625 1004 1704 -Ego
1017 1644 1099 1698 sum,
1116 1626 1232 1706 inquit,

94 1714 98 1720 ⁸
169 1731 305 1794 lacobus
318 1729 496 1812 apostolus,
514 1729 628 1791 Christi
643 1729 848 1810 alu[m]pnus,
862 1730 946 1792 lilius
959 1731 1119 1805 Zebedaei,
1136 1731 1234 1794 frater

171 1839 299 1902 loannis
311 1815 649 2005 Evangelistaeplquem
664 1837 821 1898 Dominus
836 1855 932 1917 super
948 1856 1034 1899 mare
1053 1838 1180 1900 Galileae
1193 1838 1234 1900 ad

168 1945 412 2028 praedicandum
429 1962 517 2026 popu
532 1963 568 2006 os
586 1963 642 2006 sua
657 1943 811 2005 ineffabili
827 1945 1061 2024 gratia'eligere
1085 1945 1233 2024 dignatus

169 2061 230 2129 est,
245 2071 340 2134 quem
354 2052 498 2114 Herodes
519 2072 574 2114 rex
590 2053 697 2134 gladio
712 2054 859 2134 peremit,
880 2054 972 2116 cuius
988 2073 1106 2134 eorpus
1120 2054 1153 2115 in
1173 2053 1233 2114 Ga-

168 2159 262 2233 lecia,
278 2178 349 2240 quae
363 2178 381 2220 a
395 2157 580 2220 Sarracenis
593 2157 699 2220 adhuc
710 2164 803 2238 turpe
815 2159 1019 2239 opprimitur,
1032 2159 1234 2239 incognitum

169 2265 355 2346 requiescit.
373 2264 464 2326 Unde
489 2264 572 2326 ultra
595 2265 727 2326 modum
753 2265 855 2326 miror
879 2284 936 2326 eur
956 2271 1073 2327 terram
1092 2283 1236 2326 meama

171 2369 358 2455 sarracenis
375 2368 507 2448 minime
520 2367 675 2444 liberasti,
693 2369 747 2448 qui
763 2373 810 2430 tot
832 2375 934 2430 terras
949 2374 1117 2449 tantasque
1138 2367 1235 2430 urbes

171 2475 382 2557 acquisivisti.
409 2473 609 2554 Quapropter
634 2474 693 2536 tibi
718 2474 862 2549 notifico,
885 2477 960 2556 quia
981 2475 1064 2537 sicut
1080 2475 1234 2536 [lominus

168 2580 386 2662 potentiorem
401 2578 547 2640 omniurn
556 2597 667 2657 regum
683 2585 886 2641 terrenorum
901 2585 931 2640 te
941 2578 1028 2652 fecit,
1039 2579 1086 2640 sic
1101 2578 1140 2640 ad
1156 2597 1236 2658 prae-

167 2685 348 2767 parandum
364 2685 425 2746 iter
438 2703 546 2746 meum
562 2691 593 2746 et
604 2684 805 2746 liberandam
817 2685 965 2746 tellurem
981 2703 1083 2746 meam
1100 2705 1117 2746 a
1132 2685 1234 2746 mani-

168 2792 230 2853 bus
245 2791 455 2853 Moabitarum
482 2797 512 2852 te
528 2791 612 2852 inter
634 2773 758 2864 omnes,
782 2797 818 2852 ut
839 2791 898 2852 tibi
925 2809 1079 2853 eoronam
1105 2796 1233 2854 aeternae

169 2897 391 2962 retributionis
407 2896 523 2958 exinde
538 2903 708 2978 praeparet,
727 2897 833 2978 elegit,
854 2898 944 2958 Viam
958 2898 1122 2959 stellarum
1137 2916 1234 2978 quam

169 3006 203 3067 in
220 3005 290 3066 celo
312 3003 420 3064 vidisti
440 3002 504 3063 hoc
526 3003 684 3082 significat
699 3003 788 3084 quod
808 3010 842 3064 tu
868 3023 940 3065 eum
957 3023 1074 3086 magno
1090 3003 1232 3064 exercitu

170 3111 211 3172 ad
227 3109 474 3190 expugnandam
487 3115 616 3188 gentem
630 3127 829 3190 paganorum
846 3109 1013 3189 perfidam,
1039 3115 1070 3170 et
1092 3109 1232 3170 liberan-

170 3216 250 3287 dum
272 3215 332 3276 iter
355 3231 462 3274 meum
485 3219 516 3274 et
543 3212 704 3287 tellurem,
731 3219 762 3274 et
784 3213 824 3274 ad
851 3213 1042 3274 visitandam
1066 3213 1233 3274 basilicam

169 3339 276 3383 meam
287 3319 561 3400 etsarooplragum
576 3338 696 3394 meum,
710 3319 749 3380 ab
762 3319 812 3380 lris
824 3321 889 3381 oris
902 3339 1003 3400 usque
1019 3319 1059 3382 ad
1072 3319 1232 3382 Galeciam

169 3429 273 3489 iturus
289 3446 334 3502 es,
351 3431 469 3506 etpost
483 3431 514 3486 te
529 3444 643 3486 omues
655 3425 766 3506 populi
782 3427 1008 3506 amariusque
1024 3426 1064 3488 ad
1079 3445 1165 3486 mare
1179 3444 1232 3505 pe-

170 3535 381 3613 regrinantes,
409 3531 536 3592 veniam
559 3531 751 3592 delictorum
777 3549 910 3593 suorum
932 3552 949 3592 a
974 3531 1111 3592 Domino
1134 3532 1233 3611 impe-

168 3643 290 3700 trentes
307 3638 383 3700 illuc
398 3637 474 3698 ituri
489 3643 574 3711 sunt,
601 3643 768 3698 narrantes
781 3637 892 3700 laudes
908 3637 1035 3698 Domini
1052 3643 1083 3697 et
1098 3638 1231 3698 virtutes

169 3746 250 3817 eius,
279 3749 310 3804 et
325 3742 483 3804 mirabilia
499 3743 569 3803 eius
593 3762 664 3822 quae
687 3743 779 3816 l'ecit;
799 3749 975 3822 atempore
992 3761 1067 3803 vero
1083 3743 1154 3804 vitae
1168 3749 1231 3805 tuae

169 3849 328 3930 usquead
346 3848 444 3910 finem
468 3849 636 3928 praesentis
658 3849 757 3910 seculi
783 3847 886 3909 ibunt.
904 3849 995 3909 Nunc
1013 3855 1119 3910 autem
1133 3868 1230 3930 perge

170 3975 234 4036 qua
250 3955 344 4017 citius
358 3954 491 4035 poteris,
510 3954 585 4034 quia
599 3972 658 4034 ogo
672 3972 728 4015 ero
744 3954 913 4016 auxiliator
927 3960 1001 4016 tuus
1018 3955 1050 4016 in
1066 3955 1228 4030 omnibus,

144 4043 148 4046 ’
169 4066 202 4122 et
216 4065 347 4140 propter
359 4059 488 4120 labores
501 4063 574 4120 tuos
586 4057 767 4138 impetrabo
780 4058 838 4118 tibi
852 4077 1006 4120 eoronam
1019 4078 1037 4119 a
1049 4059 1185 4120 Domino
1197 4060 1229 4120 in

171 4165 355 4241 celestibus
372 4171 403 4227 et
418 4183 520 4245 usque
536 4164 576 4226 ad
594 4164 806 4227 novissimum
822 4164 908 4226 diem
924 4166 984 4226 erit
999 4183 1117 4230 nomen
1138 4170 1229 4230 tuum
