3042 4942
709 402 902 474 ,52-

727 699 869 771 XXVI.

290 933 334 993 DE
357 949 415 993 HOC
428 948 506 1000 QUOD
521 947 622 991 STllTl'l'
636 947 690 991 SOL
704 946 806 990 SPATIO
820 947 911 989 TRIUM
926 946 1049 999 DIERUM,
1067 946 1104 987 ΕΤ
1121 945 1158 987 bu
1174 942 1315 995 uuerden

502 1053 634 1097 llllLLlBUS
649 1034 887 1096 SARRACENORUM
903 1051 1099 1094 INTERFECTIS·

310 1274 456 1337 Crastina
471 1295 611 1356 namque
635 1275 698 1350 die,
715 1295 841 1337 summo
857 1276 1012 1351 diluculo,
1036 1277 1149 1348 armati
1169 1276 1209 1338 ad
1223 1276 1337 1339 locum

270 1396 335 1458 quo
345 1378 466 1440 bellum
481 1386 646 1460 peractum
655 1379 759 1441 fuerat
768 1386 1003 1460 etpugnatores
1015 1381 1173 1461 perempti
1184 1380 1338 1442 iacebant

270 1483 303 1544 in
318 1484 537 1559 Runcievalle,
556 1486 672 1559 ierunt,
690 1491 721 1546 et
735 1486 851 1565 singuli
867 1487 987 1548 amicos
1004 1505 1090 1560 suos,
1105 1486 1262 1566 quosdam
1274 1505 1335 1566 pe-

270 1573 357 1652 nitus
371 1592 582 1666 exanimatos,
605 1591 763 1672 quosdam
785 1591 890 1654 adhuc
905 1593 1006 1666 vivos,
1032 1593 1088 1654 sed
1105 1592 1241 1653 letaliter
1262 1593 1335 1654 vul-

271 1701 400 1756 neratos
415 1695 619 1757 invenerunt.
635 1696 798 1757 Oliverum
809 1715 947 1777 namque
964 1698 1003 1758 ab
1014 1697 1074 1758 bac
1088 1697 1160 1759 luce
1174 1698 1207 1758 in
1223 1697 1338 1758 melio-

271 1819 340 1862 rem
362 1801 563 1874 translatum,
582 1801 740 1862 iacentem
761 1821 858 1881 supra
879 1801 984 1862 solum
1005 1808 1098 1863 terrae
1123 1820 1282 1874 eversum,
1300 1803 1335 1863 in

270 1903 376 1984 effigie
390 1905 496 1965 crucis
507 1911 675 1965 extensum
692 1911 830 1984 quatuor
843 1904 924 1984 palis
935 1905 967 1965 in
980 1911 1064 1966 terra
1076 1905 1158 1978 lisia,
1172 1923 1246 1966 cum
1258 1925 1336 1985 qua-

270 2014 345 2070 tuor
365 2009 494 2070 retortis
508 2008 634 2070 sortiter
647 2027 778 2082 nexum,
793 2015 824 2070 ct
839 2029 855 2070 a
873 2010 957 2070 collo
971 2029 1072 2091 usque
1088 2011 1128 2073 ad
1141 2029 1265 2089 ungues
1277 2029 1335 2090 pe-

270 2114 347 2176 dum
359 2121 391 2176 et
402 2133 556 2176 manuum
569 2115 708 2176 cultellis
721 2116 1130 2190 acutissimisexcoriatum,
1139 2117 1332 2197 iaculisque,

270 2227 302 2282 et
315 2222 448 2301 sagittis,
465 2221 651 2301 lanceisque
667 2228 699 2282 et
711 2223 810 2302 spatis
826 2222 1036 2302 perforatum,
1056 2224 1243 2302 magnisque
1259 2224 1334 2284 icti-

270 2328 331 2389 bus
347 2327 538 2389 baculorum
552 2328 695 2388 attritum
710 2329 914 2389 invenerunt.
930 2327 1056 2390 Clamor
1072 2347 1200 2408 quoque
1215 2333 1247 2389 et
1262 2329 1334 2391 luo-

269 2433 1334 2522 tus,etvoxplangentiuminnumerabiliserat,quiaunusquisque

271 2561 367 2623 super
382 2542 521 2604 amicum
544 2559 637 2603 suum
658 2541 799 2602 dolebat.
816 2541 930 2602 Totum
953 2561 1066 2603 nemus
1082 2548 1113 2602 et
1130 2541 1245 2602 vallem
1266 2542 1334 2602 cla-

270 2647 416 2709 moribus
432 2648 498 2709 suis
513 2646 701 2726 implebant.
720 2646 808 2720 Tunc
822 2646 938 2706 iuravit
952 2665 1007 2708 rex
1023 2665 1082 2726 per
1096 2646 1215 2725 Regem
1231 2648 1336 2707 omni-

270 2753 532 2835 potentemquod
544 2760 769 2834 postpaganos
782 2771 910 2814 currere
923 2772 987 2814 non
998 2759 1149 2827 cessaret,
1163 2773 1335 2833 quousque

269 2861 343 2923 illos
356 2862 526 2923 inveniret.
544 2861 645 2933 lllico,
663 2860 719 2921 illo
733 2867 807 2940 post
821 2860 894 2921 illos
911 2867 1060 2921 currente
1077 2879 1149 2921 cum
1173 2880 1230 2922 sua
1245 2867 1335 2923 tanta

270 2968 394 3042 militia,
408 2969 456 3030 sol
473 2969 559 3030 stetit
573 2966 760 3040 immobilis,
774 2973 806 3028 et
819 2966 1009 3047 prolongata
1022 2975 1070 3028 est
1079 2969 1148 3029 dies
1161 2967 1215 3028 illa
1228 2969 1334 3047 spatio

270 3075 361 3156 quasi
374 3075 472 3135 trium
484 3072 621 3146 dierum,
638 3078 669 3131 et
682 3071 804 3132 invenit
819 3090 875 3132 eos
890 3072 977 3132 iuxta
992 3071 1124 3133 flurium
1141 3072 1232 3134 illum
1248 3071 1335 3134 Ebra

173 3206 176 3212 ·
271 3183 401 3245 nomine
417 3182 504 3242 iuxta
516 3180 801 3259 Caesaraugustam,
816 3179 957 3239 iacentes
969 3185 1000 3239 et
1011 3179 1230 3240 comedentes.
1244 3178 1336 3240 Tunc

271 3294 409 3366 quatuor
424 3286 566 3348 millibus
582 3303 621 3347 ex
642 3286 693 3346 his
708 3285 886 3346 interfectis
911 3303 1059 3345 reversus
1074 3290 1123 3344 est
1143 3303 1198 3346 rex
1222 3291 1336 3346 noster

270 3411 344 3453 cum
359 3412 417 3453 sua
435 3392 548 3452 militia
563 3391 604 3451 ad
619 3390 871 3452 Runcievallem.
885 3389 967 3461 Quid
983 3390 1096 3470 plura?
1110 3389 1288 3464 Delunetis,
1302 3396 1337 3451 et

270 3498 418 3571 infirmis,
438 3503 469 3558 et
483 3496 658 3558 vulneratis
673 3496 712 3557 ad
733 3497 840 3557 locum
866 3514 929 3575 quo
946 3495 1169 3557 Rotholandus
1193 3495 1335 3569 iacebat,

269 3603 445 3676 translatis,
464 3602 563 3682 coepit
584 3601 747 3682 inquirere
764 3601 897 3662 Karolus
920 3601 946 3661 si
971 3619 1082 3662 verum
1102 3606 1187 3662 esset
1210 3619 1335 3675 aurion,

271 3707 552 3788 quodGanalonus
564 3712 771 3786 pugnatores,
784 3705 917 3767 utmulti
927 3704 1336 3778 asserebant,tradidisset.

271 3811 360 3872 lllico
386 3810 469 3872 duos
485 3810 602 3871 milites
619 3816 770 3884 armatos,
793 3809 993 3870 Pinabellum
1012 3810 1135 3871 scilicet
1154 3828 1214 3889 pro
1230 3809 1337 3870 Guna-

269 3918 359 3991 lono,
372 3923 404 3976 et
416 3915 660 3995 Tedricumpro
672 3916 859 3995 semetipso,
873 3915 913 3975 ad
927 3915 1154 3976 declarandam
1166 3915 1336 3975 veritatem

270 4021 424 4101 congredi
435 4021 538 4095 iussit,
552 4039 691 4101 quorum
702 4020 855 4081 Tedricus
866 4020 953 4081 illico
965 4021 1101 4100 peremit
1113 4018 1335 4094 Pinabellum3

269 4127 392 4208 sicque,
409 4127 583 4188 traditione
604 4125 759 4189 Ganaloni
782 4125 955 4200 declarata,
975 4126 1068 4187 iussit
1092 4125 1181 4187 illum
1198 4123 1337 4187 Karolus
