3042 4942
623 465 815 534 „29-

177 615 263 676 sima
277 614 357 675 ovis.
380 612 453 673 Erat
468 611 555 673 enim
571 616 690 672 statura
709 611 778 671 eius
794 609 884 690 quasi
911 608 1027 670 cubitis
1051 609 1243 684 duodecim,

176 721 280 782 facies
295 725 362 780 erat
375 719 473 797 longa
487 717 577 798 quasi
603 716 698 777 unius
714 715 833 788 cubiti,
851 721 882 776 et
907 733 1003 776 nasus
1029 715 1123 776 unius
1146 715 1243 794 palmi

178 825 411 896 mensuratim,
429 828 460 884 et
477 822 567 901 digiti
590 821 693 883 tribus
715 821 842 900 palmis.
868 819 990 882 Deinde
1011 820 1098 880 misit
1116 820 1154 880 ad
1171 839 1245 881 eum
1265 843 1267 849 ·

178 951 279 995 causa
297 931 372 992 belli
397 929 530 991 Karolus
555 927 747 990 Rainaldum
773 927 812 986 de
838 927 918 987 Alba
943 926 1056 1006 Spina,
1077 931 1108 987 et
1131 925 1246 988 detulit

177 1058 257 1102 eum
272 1039 341 1100 solo
354 1037 488 1098 brachio
501 1037 588 1098 illico
603 1037 636 1096 in
650 1053 812 1097 carcerem
825 1034 936 1114 oppidi
954 1035 1015 1096 sui.
1034 1033 1156 1096 Deinde
1172 1035 1245 1094 mit-

176 1145 258 1206 titur
274 1142 501 1204 Constantinus
523 1159 578 1202 rex
601 1159 756 1201 romanus
773 1143 804 1200 et
827 1137 936 1199 Delius
962 1156 1087 1212 comes,
1105 1145 1136 1199 et
1157 1139 1246 1218 ipsos

179 1249 279 1312 simul
291 1266 391 1310 unum
405 1246 445 1308 ad
458 1246 622 1308 dexteram
634 1251 665 1307 et
676 1245 773 1306 alium
785 1244 824 1305 ad
835 1244 948 1306 laevam
962 1262 1089 1306 carcere
1104 1245 1244 1306 retrusit.

177 1354 304 1417 Deinde
328 1353 497 1414 mittuntur
520 1351 631 1431 viginti
655 1355 868 1431 pugnatores,
889 1349 953 1412 duo
970 1349 1093 1411 scilicet
1115 1349 1246 1410 insimul

179 1458 369 1538 separatim,
387 1461 418 1517 et
434 1455 506 1516 illos
527 1454 674 1516 similiter
693 1472 821 1515 carcerc
837 1453 1041 1533 mancipavit.
1063 1451 1118 1514 llis
1140 1453 1246 1534 itaque

178 1563 335 1644 inspectis
361 1561 506 1634 Karolus,
523 1561 647 1622 cunctis
668 1561 802 1639 insuper
820 1558 1066 1632 admirantibus
1082 1559 1246 1620 neminem

178 1675 294 1750 postea
305 1668 431 1728 mittere
442 1686 539 1728 ausus
549 1673 598 1728 est
611 1666 651 1727 ad
662 1664 912 1746 expugnandum
924 1684 1007 1726 enm.
1022 1664 1245 1726 Rotlrolandus

171 1763 308 1848 tamen,
324 1775 375 1834 vix
389 1774 557 1853 impetrata
573 1791 590 1832 a
605 1791 679 1852 rege
702 1773 846 1845 licentia,
873 1771 1007 1833 accessit
1024 1771 1064 1832 ad
1086 1772 1245 1851 gigantem

179 1881 375 1953 bellaturus;
390 1885 421 1940 at
431 1880 499 1959 ipse
511 1878 697 1958 gigasillico
711 1879 817 1958 rapuit
828 1897 900 1940 eum
914 1879 981 1940 sola
992 1897 1088 1939 manu
1102 1877 1243 1952 dextera,

180 1993 215 2047 et
238 1986 326 2046 misit
350 2004 423 2047 enm
448 1991 521 2046 ante
547 2003 580 2046 se
604 2003 701 2065 super
722 2003 839 2064 equum
867 2003 978 2058 suum,
1003 2003 1140 2064 cumque
1155 1984 1246 2045 illum

179 2095 326 2170 portaret
342 2107 454 2150 versus
475 2088 648 2168 oppidum,
670 2087 910 2161 Rotholaudus,
936 2090 1107 2169 resumptis
1124 2089 1246 2152 viribus

182 2195 269 2268 suis,
292 2195 325 2254 in
352 2193 489 2254 Domino
514 2191 674 2266 confisus,
700 2192 834 2271 arripuit
857 2211 1009 2272 comper
1031 2198 1192 2267 mentum,
1215 2201 1246 2255 et

182 2299 291 2360 statim
307 2297 422 2358 evertit
436 2296 528 2357 illum
544 2302 630 2358 retro
647 2313 744 2376 super
762 2314 880 2377 equum
898 2303 929 2358 et
949 2297 1137 2360 ceciderunt
1150 2299 1245 2360 ambo

182 2405 280 2468 simul
296 2403 335 2465 de
352 2421 436 2484 equo
459 2402 611 2482 prostrati
629 2402 718 2472 solo;
744 2403 916 2484 statimque
938 2403 1104 2466 elevantur
1122 2424 1138 2465 a
1161 2410 1246 2465 terra

181 2510 279 2573 ambo
303 2509 433 2590 pariter,
459 2513 490 2568 et
516 2507 733 2569 ascenderunt
759 2528 871 2588 equos.
904 2509 993 2571 lllico
1020 2509 1245 2572 Rotholandus

181 2619 273 2694 spata
288 2611 420 2692 propria
438 2611 605 2690 evaginata
626 2611 787 2690 gigantem
803 2611 952 2674 occidere
973 2618 1107 2692 putans,
1126 2631 1244 2692 equum

182 2721 253 2781 eius
269 2717 340 2779 solo
362 2717 428 2778 ictu
448 2716 663 2796 per'medium
680 2717 870 2791 trucidavit,
894 2737 1031 2798 cumque
1055 2718 1245 2780 Ferracutus

180 2801 283 2907 pedes
299 2829 402 2897 esset,
418 2829 606 2903 spatamque
622 2823 822 2902 evaginatam
839 2841 936 2885 manu
955 2830 1069 2886 tenens
1084 2825 1112 2884 ei
1130 2825 1245 2886 nimias

181 2931 287 2992 minas
312 2928 492 3000 intulisset,
521 2925 744 2989 Rotlrolandus
769 2947 825 2989 sua
849 2935 938 3007 spata
962 2928 995 2988 in
1022 2927 1156 2989 brachio
1181 2949 1244 3008 quo

183 3043 309 3119 spatam
323 3055 415 3098 suam
427 3036 514 3114 gigas
529 3035 671 3108 tenebat,
688 3033 778 3095 illum
793 3035 963 3114 percussit,
980 3041 1011 3094 ct
1024 3035 1157 3099 minime
1171 3054 1244 3096 enm

182 3142 283 3214 laesit,
300 3139 358 3202 sed
379 3145 501 3220 spatam
525 3139 594 3200 eius
609 3158 625 3200 a
641 3157 738 3200 manu
754 3140 906 3200 excussit.
925 3139 1012 3202 Tunc
1034 3140 1242 3214 FerracutuS,

182 3247 291 3328 gladio
303 3245 980 3325 amisso,percutereputanspugnoclauso
992 3244 1243 3320 Rotholandum,

184 3356 253 3416 eius
268 3373 387 3434 equum
402 3353 435 3413 in
452 3352 558 3413 fronte
573 3353 750 3432 percussit,
776 3358 808 3414 et
828 3354 935 3414 statim
955 3373 1057 3435 equus
1075 3353 1165 3415 obiil.
1183 3355 1244 3416 De-

184 3462 281 3542 nique
298 3461 367 3521 sine
383 3458 498 3539 gladiis
517 3459 643 3538 pedites
662 3479 765 3540 usque
783 3460 823 3522 ad
847 3479 967 3522 nonam
987 3462 1103 3541 pugnis
1120 3469 1151 3523 et
1163 3463 1244 3542 lapi-

184 3565 280 3626 dibus
296 3563 498 3624 debellarunt
513 3561 565 3642 (l).
589 3562 644 3624 Die
660 3581 736 3624 vero
758 3563 1046 3644 advesperascente
1063 3566 1246 3646 impetravit

166 3669 291 3732 'trebes
312 3669 503 3730 Ferracutus
520 3687 537 3728 a
552 3666 757 3730 Rotholando
780 3689 882 3750 usque
899 3671 931 3731 in
953 3671 1140 3732 crastinum.
1157 3672 1244 3734 Tunc

185 3775 416 3854 disposuerunt
436 3773 520 3832 inter
535 3791 568 3834 se
589 3781 624 3834 ut
639 3773 691 3834 die
709 3775 848 3834 crastina
863 3775 895 3834 in
920 3775 1006 3837 bello
1022 3777 1091 3837 sine
1108 3778 1199 3856 equis
1214 3784 1245 3837 ct

183 3881 305 3942 lanceis
329 3879 424 3941 ambo
450 3880 677 3953 convenirent,
702 3887 733 3941 et
750 3899 905 3943 concessa
930 3900 1037 3962 pugna
1055 3901 1092 3944 ex
1111 3889 1244 3962 utraque
1298 3908 1300 3912 ·

183 3992 273 4065 parte
289 3985 512 4064 unusquisque
528 3983 567 4044 ad
587 3985 754 4064 proprium
776 3986 929 4047 remcavit
946 3957 1243 4094 lrospitiurn'ssras—

218 4189 253 4261 (l)
274 4197 306 4244 78
321 4192 526 4274 [decertarunt.
