3042 4942
560 370 790 493 4-

178 573 428 654 appropinqnat,
445 570 550 632 statim
565 569 776 650 periclitatur.
793 568 855 629 Sed
873 587 946 630 cum
962 568 1077 649 aliquis
1092 568 1240 630 Sarrace-

91 755 93 760 .
151 697 153 701 ·
177 697 294 738 norum
310 695 405 738 causa
419 673 576 737 adorandi
591 675 640 736 vel
656 673 849 754 deprecandi
860 673 1021 735 llahumet
1034 673 1171 749 accedit,
1187 674 1241 735 ille

176 784 351 846 incolumis
368 782 501 844 recedit.
528 780 560 841 Si
575 780 658 842 forte
674 799 770 861 super
793 779 870 840 illud
887 781 954 841 avis
969 780 1122 861 quaelibet
1135 799 1168 840 se
1185 779 1242 841 de-

176 873 334 974 posuerit,
350 890 437 950 illico
461 887 607 949 moritur.
626 887 681 947 Est
703 887 799 966 igitur
820 887 852 946 in
879 887 976 948 maris
991 887 1134 965 margine
1160 886 1242 965 lapis

178 999 341 1079 antiquus
361 1013 459 1076 opere
474 993 676 1078 sarracenico
693 993 813 1073 optime
833 993 988 1074 sculptus,
1007 1011 1103 1074 super
1124 999 1243 1058 terram

179 1105 272 1178 situs,
290 1103 441 1164 deorsum
456 1101 539 1162 latus
556 1107 587 1160 et
600 1099 786 1180 quadratus,
810 1099 981 1161 desursum
999 1100 1140 1174 strictus,
1160 1099 1245 1160 altis-

179 1211 281 1272 simus
291 1200 414 1270 scilicet
429 1212 584 1288 quantum
600 1205 796 1268 soletvolare
807 1206 840 1266 in
851 1205 988 1267 sublime
1003 1223 1130 1279 corvus,
1149 1223 1246 1285 super

180 1333 278 1396 quem
296 1315 439 1375 elevatur
452 1313 558 1392 imago
572 1312 626 1373 illa
642 1312 682 1373 de
698 1311 858 1373 auricalco
879 1311 1001 1391 optimo
1015 1311 1048 1372 in
1064 1309 1169 1391 effigio
1185 1311 1244 1372 ho-

180 1421 278 1482 minis
297 1419 379 1493 fusa,
396 1437 492 1499 super
515 1418 615 1499 pedes
631 1437 707 1479 suos
725 1424 842 1497 erecta,
862 1417 977 1478 faciem
998 1423 1113 1478 tenens
1134 1435 1246 1478 versus

179 1525 349 1588 meridiem
375 1531 406 1585 et
431 1543 526 1586 manu
544 1523 674 1584 dextera
697 1530 810 1584 tenens
835 1523 996 1603 quandam
1012 1524 1147 1597 clavem,
1173 1542 1244 1604 quae

181 1635 305 1696 scilicet
330 1633 439 1707 clavis,
459 1638 494 1694 ut
515 1633 576 1712 ipsi
601 1631 769 1694 Sarraceni
793 1633 891 1705 aiunt,
910 1651 926 1693 a
950 1651 1046 1694 manu
1066 1632 1136 1694 eius
1153 1631 1247 1694 cadet

182 1758 268 1802 anno
282 1735 347 1820 ¹quo
361 1757 417 1800 rex
431 1737 557 1798 futurus
573 1738 605 1798 in
628 1737 728 1798 Gallia
743 1744 837 1798 natus
853 1737 960 1814 luerit,
977 1739 1032 1819 qui
1056 1744 1156 1799 totam
1182 1743 1247 1798 ter-

182 1845 458 1925 rambispanicam
471 1843 653 1904 christianis
666 1843 791 1923 legibus
800 1844 833 1904 in
845 1845 1030 1906 novissimis
1045 1843 1246 1924 temporibus

184 1952 412 2030 subiugaverit.
428 1951 497 2012 Mox
520 1955 556 2031 ut
578 1949 716 2010 viderint
740 1950 862 2012 clavem
877 1951 1011 2032 lapsam,
1030 1951 1114 2031 gazis
1133 1951 1198 2012 suis
1214 1950 1247 2011 in

184 2056 270 2118 terra
282 2058 431 2137 repositis
451 2076 564 2118 omnes
579 2055 712 2135 fugient.

691 2299 737 2369 V.

427 2483 471 2544 DE
491 2483 639 2546 Eccnnsus
661 2501 736 2553 obus
759 2484 897 2546 Knnobus
917 2502 1008 2545 FECIT.

225 2693 272 2754 Ex
285 2713 363 2755 auro
380 2693 467 2774 quod
478 2695 593 2756 Karolo
610 2712 701 2773 reges
713 2699 745 2754 et
760 2693 923 2773 principes
939 2692 1099 2772 Hispaniae
1115 2690 1246 2766 dedere,

187 2797 274 2857 beati
286 2796 393 2858 lacobi
410 2796 587 2870 basilicam,
604 2803 681 2858 tunc
694 2816 752 2877 per
767 2803 832 2859 tres
847 2817 949 2860 annos
964 2800 997 2860 in
1011 2797 1074 2858 illis
1086 2782 1151 2858 bris
1163 2814 1251 2857 com-

189 2886 1249 2982 morans,augmcntavit,antistitemetcunonicossecundumbeati

187 3007 303 3068 lsidori
319 3007 462 3086 episcopi
475 3014 506 3068 et
521 3007 719 3070 confessoris
730 3011 872 3089 regulam
894 3011 927 3070 in
949 3028 986 3070 ea
999 3007 1147 3080 instituit,
1162 3025 1248 3067 eam-

188 3131 250 3193 que
267 3113 491 3174 tintinnabulis
515 3115 703 3194 palleisque,
728 3117 818 3178 libris
844 3117 1022 3196 ceterisque
1051 3115 1249 3176 ornamentis
1289 3097 1291 3102 ¹
1369 3121 1377 3134 '

188 3217 340 3278 decentor
353 3218 488 3278 ornavit.
504 3217 549 3279 lle
565 3219 695 3282 residuo
708 3240 783 3282 vero
795 3240 883 3295 auro,
900 3228 931 3282 et
944 3225 1076 3300 argento
1089 3219 1248 3280 immenso

188 3323 276 3403 quod
300 3323 339 3385 de
362 3323 513 3404 Hispania
536 3326 651 3402 attulit,
668 3346 833 3406 regressus
849 3327 888 3388 ab
905 3347 941 3388 ca
963 3327 1079 3388 multas
1096 3325 1249 3387 ecclesias

188 3428 281 3490 fecit:
298 3430 468 3491 ecclesiam
484 3431 607 3494 scilicet
623 3433 726 3495 beatae
741 3433 845 3496 llariae
863 3433 1087 3514 Virgini's'quae
1102 3437 1150 3492 θεῖ
1165 3430 1249 3510 apud
1278 3449 1279 3452 ¹

188 3536 436 3617 Aquisgranum,
454 3545 485 3600 et
500 3538 667 3601 basilicam
685 3542 786 3602 sancti
802 3541 909 3603 lacobi
931 3541 963 3601 in
981 3539 1093 3602 eadem
1114 3538 1201 3612 villa,
1220 3544 1251 3598 et

189 3641 358 3702 ecclesiam
383 3643 484 3704 sancti
499 3643 605 3706 lacobi
628 3665 699 3725 quae
715 3652 762 3708 θεῖ
778 3646 863 3727 apud
878 3645 991 3708 urbem
1008 3635 1247 3716 Buerr'e'nsium,

189 3753 221 3808 et
236 3747 403 3810 basilicam
419 3752 521 3811 sancti
545 3751 650 3813 lacobi
667 3771 738 3832 quac
761 3759 809 3813 est
826 3752 914 3832 apud
926 3751 1087 3825 Tolosam,
1110 3757 1142 3811 et
1162 3749 1249 3810 illam

189 3859 325 3932 quaeest
346 3853 378 3912 in
397 3853 554 3917 Gasconia
567 3857 650 3918 inter
665 3857 778 3918 urbem
802 3876 872 3938 quae
895 3857 989 3935 vulgo
1007 3856 1124 3918 dicitur
1137 3855 1204 3915 Ara
1219 3860 1250 3915 et

190 3956 498 4020 sanctumloannem
512 3960 645 4049 Sorduae
660 3963 910 4035 viaiacobitana,
926 3968 957 4023 et
967 3961 1136 4023 ecclesiam
1149 3957 1249 4020 sancti

189 4059 295 4122 lacobi
307 4081 378 4142 quac
394 4069 442 4125 est
456 4064 541 4144 apud
552 4051 664 4127 urbem
679 4067 819 4128 Parisios
831 4067 915 4128 inter
929 4067 1250 4148 Sequanamtluvium

190 4173 221 4228 θῖ
236 4175 379 4230 montem
395 4170 576 4252 Martyrum,
595 4179 626 4234 et
641 4173 783 4235 abbatias
797 4174 982 4235 innumeras
998 4193 1076 4255 quas
1089 4192 1147 4255 per
1160 4191 1251 4234 mun-

191 4273 266 4334 dum
282 4273 368 4335 fecit.
891 4285 893 4290 '
1074 4283 1092 4338 2
