3042 4942
650 392 844 460 ..41-

551 657 555 664 ’
593 713 597 718 ·
693 692 799 762 xxi.

255 943 301 1003 [lu
320 959 495 1003 unonrrronu
516 940 670 1002 Guuuuour
690 959 727 1000 nr
741 959 778 1001 on
800 957 889 1001 namo
908 938 1121 1002 Ruucrnvuuns
1143 956 1180 998 nr
1200 955 1237 998 or

497 1047 636 1106 russroun
656 1061 853 1107 ruouuroauu
874 1043 997 1106 Kraon.

255 1287 432 1368 Postquam
464 1285 598 1347 Karolus
630 1305 784 1365 magnus,
813 1287 990 1366 imperator
1025 1285 1276 1361 famosissimus,

209 1396 316 1452 totam
338 1390 525 1470 Hispaniam
552 1389 667 1450 diebus
691 1389 755 1451 illis
780 1389 821 1450 ad
846 1389 974 1451 Domini
1000 1396 1031 1451 et
1049 1391 1185 1470 apostoli
1209 1391 1279 1453 eius

212 1495 320 1556 sancti
335 1494 441 1556 iacobi
463 1497 563 1556 decus
586 1495 767 1574 acquisivit,
784 1493 914 1555 rediens
928 1494 968 1555 ab
983 1494 1135 1575 Hispania
1150 1495 1277 1576 Pampi-

211 1601 338 1662 loniam
353 1620 426 1662 cum
442 1601 508 1662 suis
532 1601 727 1662 exercitibus
749 1601 931 1681 hospitatus
953 1608 1018 1675 est,
1045 1608 1076 1662 et
1091 1609 1183 1662 erant
1201 1608 1279 1663 tunc

149 1738 153 1743 -
212 1709 372 1788 temporis
387 1714 626 1770 commorantes
643 1708 729 1788 apud
743 1708 1015 1788 Caesaraugustam
1032 1708 1096 1770 duo
1113 1727 1203 1788 reges
1216 1727 1280 1770 sar-

213 1814 342 1886 raceui,
362 1814 512 1874 Marsirus
533 1813 657 1874 scilicet
677 1821 709 1874 et
738 1814 933 1893 Beligaudus
949 1815 989 1894 (l)
1011 1814 1110 1875 irater
1130 1815 1200 1876 eius
1222 1814 1277 1893 qui

212 1925 306 1980 erant
328 1919 367 1979 ab
382 1919 592 1980 Ammirando
610 1919 784 2000 Babylonis
807 1920 846 1981 de
872 1919 1002 1982 Perside
1025 1920 1065 1981 ad
1091 1918 1277 2000 Hispaniam

215 2022 318 2095 missi,
335 2023 388 2102 qui
401 2022 506 2083 Karoli
521 2023 666 2102 imperiis
679 2022 901 2096 subiacebant,
920 2030 952 2084 et
965 2022 1102 2084 libenter
1117 2025 1146 2084 ei
1162 2025 1194 2084 in
1212 2042 1279 2085 om-

213 2128 311 2188 nibus
331 2128 530 2201 serviebant,
548 2128 653 2190 sedin
669 2129 801 2190 caritate
823 2129 909 2202 licta,
928 2129 1045 2208 quibus
1069 2129 1203 2191 Karolus
1219 2148 1277 2209 per

214 2235 415 2296 Gaualouum
431 2235 604 2309 mandavit,
620 2242 655 2297 ut
669 2237 866 2315 baptismum
881 2236 1038 2311 subirent,
1053 2244 1107 2299 aut
1119 2237 1275 2299 tributum

215 2341 245 2401 ei
265 2341 436 2400 mitterent.
452 2339 539 2401 'lunc
554 2341 711 2402 miserunt
724 2341 752 2401 ei
767 2341 897 2418 triginta
915 2359 1016 2420 equos
1033 2349 1183 2404 oneratos
1198 2359 1276 2404 auro

215 2453 248 2507 et
264 2453 394 2526 argento
410 2446 557 2525 gazisque
569 2445 756 2526 hispanicis
774 2453 805 2506 et
819 2447 981 2526 sexaginta
997 2466 1098 2527 equos
1114 2449 1188 2508 vino
1204 2449 1276 2509 dul-

216 2554 349 2615 cissimo
367 2560 399 2613 et
411 2571 492 2632 puro
507 2558 658 2612 oneratos
681 2552 838 2612 miseruut
859 2552 1092 2632 pugnatoribus
1107 2553 1147 2614 ad
1160 2561 1275 2634 potan-

216 2658 315 2732 dum,
337 2664 369 2718 et
384 2658 471 2718 mille
494 2656 685 2719 Sarracenas
700 2656 870 2718 formosas.
888 2656 1052 2718 Ganalono
1070 2677 1146 2719 vero
1162 2659 1274 2738 viginti

215 2783 318 2844 equos
352 2783 429 2824 auro
461 2770 493 2825 et
516 2771 647 2843 argento
680 2771 711 2824 et
742 2763 855 2843 palleis
881 2772 1031 2826 oneratos
1054 2765 1275 2828 fraudulenter

215 2871 417 2950 optulerunt,
430 2876 475 2930 ut
495 2877 690 2950 pugnatores
705 2871 735 2930 iu
754 2889 867 2931 manus
881 2855 1011 2932 illorum
1036 2871 1193 2940 traderet;
1217 2873 1272 2952 qui
1302 2857 1303 2860 Ἴ

216 2978 379 3039 concessit
399 2983 430 3036 et
450 2978 620 3056 pecuniam
635 2978 722 3038 illam
745 2978 879 3056 accepit.
904 2977 1029 3057 ltaque,
1047 2977 1174 3037 firmato
1191 2979 1275 3039 iuter

217 3107 252 3149 se
267 3093 363 3167 pacto
377 3105 475 3168 pravo
490 3085 684 3159 traditionis,
699 3086 793 3146 rediit
808 3085 991 3146 Ganalonus
1007 3085 1046 3146 ad
1063 3085 1225 3157 Karolum,
1244 3093 1276 3146 et

217 3191 307 3261 dedit
317 3192 344 3252 ei
356 3209 447 3268 gazas
462 3209 541 3269 quas
555 3209 646 3268 reges
660 3190 705 3250 illi
721 3191 885 3262 miserant,
903 3189 1014 3250 (licens
1027 3189 1113 3269 quod
1125 3189 1274 3251 Marsirus

216 3295 313 3356 vellet
328 3294 411 3355 effici
429 3294 634 3366 christianus,
655 3301 686 3355 et
702 3294 902 3374 praeparabat
915 3295 974 3354 iter
988 3313 1081 3356 suum
1102 3302 1136 3356 ut
1153 3296 1276 3356 veniret

217 3402 258 3463 ad
275 3399 424 3460 Karolum
441 3399 472 3458 iu
488 3397 637 3476 Galliam,
654 3406 685 3459 et
707 3398 751 3458 ibi
769 3398 964 3478 baptismum
984 3401 1159 3480 acciperet,
1178 3407 1210 3460 et
1225 3407 1274 3461 to-

216 3515 281 3568 tam
306 3513 423 3568 terram
449 3505 647 3584 hispanicam
671 3504 824 3584 deinceps
846 3504 885 3565 de
908 3505 963 3566 illo
985 3513 1118 3566 teneret.
1141 3507 1275 3569 Maiores

218 3629 294 3672 vero
311 3615 507 3690 pugnatores
526 3610 633 3670 viuum
653 3608 855 3670 solummodo
872 3609 910 3669 ab
928 3628 966 3670 eo
983 3618 1187 3691 acceperuut,
1204 3631 1274 3673 mu-

133 3703 135 3706 ⁵
217 3719 313 3779 lieres
327 3735 403 3778 vero
418 3716 618 3790 nullatenus,
637 3716 694 3777 sed
714 3717 856 3777 minores
879 3718 1087 3778 sustulerunt.
1113 3719 1200 3780 Tunc
1216 3719 1274 3780 Ku-

218 3825 308 3887 rolus
334 3823 471 3884 credens
495 3821 601 3882 verbis
626 3822 798 3894 Ganaloni‚
821 3821 979 3902 disposuit
1002 3825 1138 3885 transire
1162 3833 1275 3904 portus

218 3931 376 4004 Cisereos,
393 3936 424 3991 et
447 3929 550 3990 redire
569 3929 602 3988 in
625 3929 767 3990 Galliam.
785 3929 861 3990 lude
878 3937 1011 4010 accepto
1033 3932 1168 3993 consilio
1184 3953 1200 3992 a
1216 3933 1275 3994 Ga-

216 4204 220 4210 .
256 4154 292 4222 (l)
313 4157 351 4206 On
365 4158 543 4212 trouveuussi
557 4158 695 4206 Mursirr'us
707 4161 733 4208 ct
747 4158 929 4221 Beluiqandus.

1059 4255 1084 4322 4
