3042 4942
627 396 819 466 ..49-

176 547 336 627 dignare.
352 545 437 606 Mitte
452 543 662 623 archangelos
675 547 748 604 tuos
764 546 893 602 sanctos
908 559 1004 620 super
1019 541 1104 614 illos,
1129 541 1183 621 qui
1197 559 1253 602 ee·

175 672 261 714 rum
273 653 396 714 animas
405 650 542 730 eripiant
555 649 594 710 de
605 646 790 726 regionibus
802 646 1019 720 tenebrarum,
1030 652 1062 707 et
1073 645 1255 726 perducant

174 775 238 819 eas
257 758 293 817 in
309 774 407 835 regna
420 754 563 827 celestia,
582 753 734 833 quatinus
754 769 818 812 una
835 769 908 812 cum
925 751 1044 812 sanctis
1060 750 1254 831 martyribus

173 863 249 923 tuis
268 878 404 941 regnare
428 858 554 920 valcant
578 865 685 920 tecum
701 857 770 918 sine
795 857 869 931 tine,
900 858 954 937 qui
981 857 1062 918 vivis
1085 862 1115 917 et
1140 875 1254 935 regnas

175 987 262 1029 cum
281 968 348 1028 Deo
362 971 451 1045 patre
464 971 495 1025 et
503 964 624 1044 Spiritu
634 969 746 1024 sancto
760 963 792 1022 in
805 963 913 1024 secula
929 964 1124 1025 seculorum.
1138 964 1251 1024 Amen.

175 1107 221 1116 —-
248 1071 289 1132 Et
314 1070 431 1142 statim,
466 1067 600 1129 Tedrico
627 1067 810 1140 recedente,
837 1067 869 1127 in
898 1067 959 1128 lrac
993 1066 1198 1128 confessione
1222 1073 1254 1128 et

172 1196 286 1258 prece
301 1176 385 1237 beati
409 1173 603 1236 Rotholandi
627 1173 787 1253 martyris,
809 1173 915 1234 anima
938 1172 1032 1234 beata
1054 1172 1094 1234 de
1116 1191 1252 1252 corpore

105 1333 107 1337 -
174 1283 367 1364 egreditur;
383 1288 414 1342 ot
429 1282 468 1342 ab
484 1281 605 1359 angelis
622 1281 655 1340 in
670 1279 827 1359 perhenni
843 1280 952 1359 requie
969 1279 1173 1350 transfertur,
1192 1279 1250 1341 ubi

177 1393 304 1467 regnat
317 1392 348 1446 et
363 1385 483 1446 exultat
498 1385 566 1444 sine
582 1383 733 1455 termino,
751 1382 860 1443 choris
876 1388 1062 1444 sanctorum
1077 1389 1251 1464 martyrum

179 1493 346 1573 dignitate
363 1491 550 1552 meritorum
566 1489 750 1550 coniuncta.

650 1719 789 1788 XXIV.

208 1977 222 1989 ..
238 1926 283 1985 DE
305 1940 493 1994 NOBlLlTATE,
516 1939 642 1983 uomitus
663 1941 700 1982 ET
721 1939 883 1984 LARGITATE
905 1940 991 1983 bunut
1016 1920 1207 1983 Roruotnrtbl

643 2042 798 2086 mandram.

291 2230 362 2291 Non
378 2231 472 2291 decet
485 2232 572 2292 hunc
589 2232 685 2311 igitur
702 2232 810 2292 vacuis
827 2231 944 2292 dellere
960 2231 1098 2312 querelis

332 2334 433 2406 Quem
451 2335 559 2397 letum
577 2336 692 2397 summi
709 2355 795 2396 nunc
809 2341 896 2396 tenet
911 2335 982 2396 aula
996 2335 1074 2415 poli.

295 2440 418 2501 Nobilis
433 2441 563 2521 antiqua
578 2441 754 2503 decurrens
769 2441 858 2520 prole
871 2447 1052 2521 parentum,

334 2546 482 2607 Nobilior
497 2547 595 2625 gestis
611 2565 697 2608 nunc
713 2566 809 2626 super
824 2554 907 2607 astra
921 2552 1039 2608 manet.

294 2651 460 2731 Egregius,
477 2653 556 2713 nulli
576 2652 615 2713 de
631 2653 798 2713 nobilitate
814 2652 987 2726 secundus,

333 2758 475 2819 Moribus
487 2759 660 2833 excellens,
679 2759 818 2820 culmine
832 2760 955 2840 primus
969 2764 1047 2820 erat.

107 2933 110 2940 ‚
203 2861 204 2864 ’
293 2863 497 2943 Templorum
512 2865 626 2939 cultor,
644 2884 793 2927 recreans
808 2865 1027 2926 modulamine
1043 2865 1139 2937 cives,

332 2970 526 3032 Vulneribus
539 2973 651 3051 patriae
668 2971 731 3033 lida
747 2972 872 3032 medela
886 2971 956 3032 fuit.

292 3076 370 3156 Spes
383 3077 471 3151 cleri,
487 3083 572 3139 tutor
589 3078 768 3151 viduarum,
785 3080 877 3159 panis
893 3084 1054 3158 egentum,

331 3182 449 3261 Largus
464 3183 673 3263 pauperibus,
692 3185 849 3264 prodigus
862 3184 1056 3264 hospitibus,

270 3337 272 3342 ,
293 3287 345 3350 Sic
360 3288 598 3350 venerabilibus
614 3291 753 3370 templis,
771 3291 817 3352 sic
833 3291 916 3352 fudit
930 3290 1050 3369 egenis,

331 3395 467 3456 Mitteret
481 3401 516 3455 ut
531 3395 620 3469 celis,
637 3415 715 3475 quas
729 3402 917 3477 sequeretur
933 3415 1022 3476 opes.

292 3500 446 3580 [logmata
460 3501 557 3583 corde
573 3508 697 3575 tenens,
712 3502 839 3583 plenus,
852 3492 939 3565 velut
951 3522 1021 3564 arca
1034 3503 1168 3564 libellis:

331 3603 481 3684 Quisquis
497 3605 585 3684 quod
600 3605 711 3679 voluit,
727 3605 816 3667 fonte
829 3607 959 3680 lluente,
976 3606 1067 3667 bibit.

292 3709 432 3772 Consilio
448 3711 586 3791 sapiens,
605 3711 712 3772 animo
726 3712 810 3792 pius,
828 3731 883 3773 ore
899 3730 1042 3784 serenus

331 3815 487 3877 Omnibus
503 3822 538 3876 ut
550 3817 680 3897 populis
694 3822 778 3878 esset
791 3835 899 3878 amore
915 3836 1042 3897 parens.

293 3922 425 3984 Culmcn
439 3922 645 3998 honoratum,
662 3923 760 3986 decus
774 3924 904 3998 almum,
920 3924 1029 3985 lumen
1043 3923 1197 4003 opimum,

332 4027 493 4090 Laudibus
509 4029 542 4089 in
558 4029 649 4090 cuius
664 4029 778 4091 militet
792 4047 887 4092 omne
903 4029 1013 4091 decus.

292 4131 353 4193 Pro
367 4133 465 4194 tantis
479 4132 601 4194 meritis
614 4133 701 4194 hunc
717 4133 758 4195 ad
771 4133 899 4195 celestia
915 4139 1052 4207 vectum,

332 4236 402 4298 Non
417 4236 534 4316 premit
547 4255 627 4297 urna
640 4237 721 4315 rogi,
737 4236 794 4298 sed
806 4241 894 4298 tenet
905 4237 976 4298 aula
989 4237 1056 4298 llei.
