3042 4942
700 465 746 473 -
766 423 820 493 ’60
845 466 891 473 -

261 568 412 642 biectam,
431 567 578 629 libellum
591 567 715 629 scilicet
727 567 767 628 de
779 587 813 628 se
826 573 1027 630 tractantem.
1049 569 1271 649 Nigromantia
1285 591 1323 634 ex
1337 620 1342 627 .

263 694 325 754 qua
341 675 489 735 oriuntur
506 675 706 754 pyromantia
727 682 758 734 et
780 675 994 754 ydromantia,
1015 684 1047 738 et
1064 653 1322 752 libersacratus,

262 783 537 842 immoexecratus
549 780 601 860 (l),
615 781 647 840 in
662 781 733 842 aula
745 782 829 860 regis
844 781 990 862 depictus
1004 802 1069 844 non
1083 782 1154 858 fuit,
1168 785 1324 863 quoniam

261 886 362 948 libera
380 904 432 948 ars
453 886 585 947 minime
607 886 755 947 habetur,
780 887 861 948 Sciri
885 888 971 949 enim
993 888 1094 950 libere
1117 895 1244 969 potest,
1268 889 1323 951 scd

262 992 388 1072 operari
407 991 468 1052 nisi
492 990 728 1056 daemoniorum
749 992 964 1054 familiaritate
989 993 1172 1056 nullatenus
1199 1001 1323 1075 potest,

262 1104 294 1158 et
312 1097 431 1158 iccirco
453 1115 504 1158 ars
524 1096 704 1158 adulterina
725 1098 854 1171 dicitur,
876 1099 965 1178 quod
985 1101 1081 1161 etiam
1101 1101 1171 1162 eius
1190 1101 1324 1162 nomine

262 1201 470 1282 approbatur.
497 1201 612 1263 Mantia
637 1203 723 1263 enim
747 1221 851 1282 graece
880 1203 1037 1265 divinatio
1066 1204 1197 1279 dicitur,
1231 1206 1324 1285 nigro

262 1306 352 1387 quasi
384 1307 492 1385 nigra,
526 1306 613 1368 unde
646 1307 858 1385 nigromantia
887 1308 1004 1369 dicitur
1031 1309 1122 1388 nigra
1153 1309 1322 1370 divinatio.

262 1413 361 1493 Pyros
375 1431 478 1492 graece
494 1430 591 1490 rogus
607 1413 735 1486 dicitur,
750 1413 849 1492 ydros
871 1414 1001 1494 limpha,
1020 1415 1106 1476 unde
1119 1417 1324 1496 pyromantia

262 1520 356 1598 ignea
368 1518 535 1592 divinatio,
557 1524 588 1578 et
601 1507 825 1598 hydromantia
843 1520 1038 1600 lymphatica
1052 1521 1181 1582 dicitur.
1200 1521 1324 1584 Titulus

262 1625 349 1685 enim
369 1622 591 1702 nigromantiae
608 1623 654 1682 sic
670 1629 718 1684 est
732 1641 738 1683 :
753 1623 870 1704 lncipit
883 1643 972 1686 mors
986 1625 1112 1686 animae.

713 1883 876 1953 XXXII.

543 2177 545 2182 .
633 2115 677 2176 llu
698 2133 796 2177 uoaru
820 2115 941 2176 Karou.

302 2361 378 2424 Post
389 2363 539 2442 exiguum
552 2383 627 2424 vero
642 2371 771 2444 tempus
784 2365 891 2426 Karoli
906 2365 990 2444 regis
1005 2382 1092 2425 mors
1108 2363 1186 2424 mihi
1205 2364 1250 2424 ita
1271 2363 1322 2424 de-

263 2475 470 2531 monstratur.
484 2469 562 2531 Cum
573 2471 670 2549 igitur
683 2471 768 2550 apud
782 2471 937 2532 Viennam
948 2472 979 2530 in
992 2470 1130 2532 ecclesia
1142 2477 1215 2530 ante
1225 2470 1321 2530 altare

263 2573 314 2634 die
342 2574 481 2654 quadam
506 2581 616 2655 raptus
641 2577 674 2636 in
703 2577 803 2637 extasi
831 2576 982 2655 precibus
1012 2577 1207 2648 insisterem,
1234 2574 1321 2654 psal-

263 2699 435 2760 mumque:
451 2681 535 2742 Deus
548 2681 581 2741 in
596 2681 791 2744 adiutorium
803 2700 910 2742 meum
921 2681 1065 2754 intende,
1082 2687 1257 2754 cantarem,
1274 2687 1320 2740 te-

262 2793 385 2847 trorum
401 2787 528 2865 agmina
543 2787 791 2848 innumerabilia
803 2788 940 2848 militum
957 2793 1029 2848 ante
1043 2805 1092 2846 me
1105 2787 1271 2866 praeterire
1286 2805 1321 2847 ac

263 2912 374 2954 versus
392 2891 632 2973 Lothoringiam
647 2894 780 2956 tendere
795 2895 921 2973 agnovi.
947 2893 1006 2965 Qui
1031 2912 1104 2954 cum
1119 2911 1232 2954 omncs
1252 2910 1322 2972 per-

261 3000 446 3073 transirent,
459 3001 593 3061 intuitus
607 3019 676 3062 sum
689 3000 850 3080 quendam
866 3000 996 3060 illorum
1009 2999 1151 3078 AEthiopi
1167 2997 1320 3060 consimi-

262 3103 326 3163 lem
338 3109 423 3164 retro
435 3103 522 3164 lento
537 3103 637 3182 gradu
650 3104 729 3164 alios
747 3103 984 3182 insequentem,
999 3103 1049 3163 cui
1064 3102 1128 3163 dixi
1143 3120 1150 3161 :
1166 3100 1236 3172 Quo
1250 3107 1320 3162 ten·
1354 3147 1357 3156 λ

263 3207 361 3268 ditis‘l
373 3241 411 3251 -
423 3207 671 3287 Aquisgranum‚
686 3206 802 3285 inquit,
820 3205 859 3266 ad
874 3205 980 3266 Karoli
995 3211 1132 3266 mortem
1145 3204 1320 3277 tendimus,

262 3317 297 3371 ut
308 3311 376 3371 eius
393 3311 540 3390 spiritum
550 3310 590 3372 ad
600 3310 728 3370 Tartara
744 3309 917 3389 rapiamus.
933 3309 1040 3370 —Cui
1053 3309 1137 3371 dixi:
1151 3308 1272 3370 Adiuro
1291 3313 1321 3368 te

263 3434 321 3496 pcr
336 3433 452 3476 nomen
469 3415 597 3476 Domini
618 3416 673 3477 [lei
697 3414 799 3476 nostri
822 3414 893 3475 lesu
906 3413 1034 3487 Christi,
1056 3421 1102 3487 ut,
1120 3419 1252 3494 peracto
1270 3413 1321 3474 iti-

262 3539 338 3583 nere
353 3529 415 3584 tuae
430 3522 665 3602 dispositionis,
688 3521 728 3582 ad
750 3539 801 3582 me
815 3521 932 3582 reverti
952 3539 1018 3582 non
1037 3539 1165 3582 renuas.
1181 3555 1220 3564 -
1233 3517 1321 3579 Tunc

262 3627 425 3690 modicum
439 3626 641 3697 commorati,
663 3625 714 3686 vix
731 3624 858 3704 expleto
871 3623 1007 3703 psalmo,
1028 3624 1142 3686 eodem
1156 3622 1269 3715 ordine
1281 3621 1321 3682 ad

262 3753 312 3794 mc
325 3731 501 3802 redierunt,
525 3735 556 3791 et
579 3727 644 3792 din
659 3730 835 3790 novissimo
855 3729 905 3790 cui
921 3730 1062 3808 primum
1077 3729 1230 3809 loquutus
1250 3727 1320 3790 iue-

261 3857 329 3902 ram
343 3858 350 3900 :
364 3836 624 3916 Quid-egistit—
634 3835 671 3896 Et
684 3834 812 3896 daemon
826 3853 832 3894 :
848 3833 1048 3906 Galecianus,
1061 3835 1176 3914 inquit,
1190 3833 1258 3894 sine
1273 3851 1323 3894 ca·
1382 3841 1386 3847 ’

260 3945 325 4024 pite
340 3949 388 4004 tol
402 3961 439 4003 ac
451 3945 557 4002 tantos
569 3939 694 4020 lapides
708 3945 740 4000 et
754 3939 840 4018 ligna
854 3937 1102 3999 innumerabilia
1115 3937 1321 3998 basilicarum

296 4159 331 4227 (l)
350 4160 420 4211 C'ert
433 4159 466 4209 dc
479 4171 510 4209 ce
520 4157 628 4208 lamcux
641 4157 707 4208 livre
720 4169 772 4221 que
786 4155 891 4218 blaugis
903 4156 944 4203 cst
958 4154 1080 4217 toujours
1092 4149 1175 4203 aruit.
