3042 4942
720 391 912 461 ..56-

288 545 319 599 et
334 536 538 608 Esturmitus,
565 535 670 609 llatto,
695 542 727 596 et
745 536 910 608 Tedrious,
930 537 1077 612 Yvorius,
1095 544 1126 600 et
1139 539 1297 600 Beral'tlus
1309 540 1352 601 de

288 641 411 714 Nublis,
425 646 456 701 et
467 639 690 717 Berengarius,
703 645 735 700 et
745 640 888 702 Naaman
897 641 961 702 dux
972 643 1138 716 Baioarire,
1150 663 1224 704 cum
1235 645 1352 706 decem

285 747 429 810 millibus
464 746 611 807 eliorum.
649 746 876 808 Constantinus
909 749 1081 828 praelectus
1113 751 1200 831 apud
1235 752 1353 814 urbem

288 852 422 914 ltornam
446 869 505 930 per
533 869 620 911 mare
648 850 788 924 delatus,
815 871 888 912 cum
912 853 982 914 eliis
1007 854 1115 916 multis
1142 854 1297 918 Romanis
1318 863 1352 918 et

285 957 408 1038 Apulis,
434 956 601 1036 sepelitur;
628 974 687 1035 pro
702 975 841 1036 quorum
857 959 1025 1020 animabus
1039 960 1152 1021 uncias
1171 961 1351 1023 duodecim

287 1065 386 1125 millia
409 1069 575 1142 argenteas
600 1063 801 1142 totidemque
828 1065 948 1126 talenta
976 1086 1072 1128 aurea
1101 1067 1237 1129 Karolus
1261 1069 1350 1149 apud

285 1169 447 1231 Arelatem
460 1168 571 1246 egenis
589 1166 688 1227 dedit.

284 1668 328 1729 Du
350 1685 477 1730 coucuuo
498 1685 575 1737 ouon
596 1686 673 1728 arun
695 1687 814 1729 unsrun
836 1668 1001 1730 Droursruu
1023 1669 1161 1731 Kanonus
1182 1688 1345 1732 auunarrr.

322 1904 476 1965 Postbaeo
492 1901 645 1963 Viennam
662 1901 755 1961 simul
772 1900 984 1979 perreximus,
1003 1905 1034 1958 et
1049 1898 1093 1958 ibi
1110 1898 1283 1958 vulnerum
1299 1897 1346 1958 oi-

284 2011 457 2072 catricibus
472 2008 724 2087 verberibusque
734 2014 766 2066 et
776 2005 1042 2086 percussionibus
1057 2005 1230 2084 multisque
1245 2004 1346 2083 alapis

284 2135 362 2197 quas
386 2116 419 2176 in
441 2114 593 2193 Hispania
615 2113 744 2193 pertuli,
772 2113 969 2191 angustiatus
993 2111 1144 2183 remansi,
1170 2116 1201 2171 et
1217 2128 1273 2170 rex
1288 2108 1346 2169 ali-

283 2221 472 2303 quantulum
499 2219 682 2280 debilitatus
719 2237 792 2280 cum
822 2219 888 2279 suis
924 2217 1118 2279 exercitibus
1150 2217 1345 2277 Parisiacam

285 2327 362 2388 adiit
385 2326 425 2406 (l)
446 2325 569 2387 urbem.
589 2323 676 2385 Tunc
693 2323 833 2385 adunato
857 2324 1085 2403 episcoporum
1107 2328 1137 2384 et
1158 2322 1343 2403 principum

284 2430 423 2494 concilio
441 2434 473 2490 in
492 2427 624 2489 basilica
639 2428 739 2488 sancti
755 2427 909 2507 Dionysii,
927 2446 1023 2506 agens
1037 2428 1104 2488 lleo
1120 2433 1151 2488 et
1164 2427 1210 2487 illi
1223 2434 1342 2506 grateS,

284 2537 338 2618 qui
352 2535 412 2596 sibi
434 2535 497 2596 vim
519 2532 652 2595 dederat
670 2551 827 2612 paganam
848 2539 974 2611 gentem
990 2533 1193 2612 subiugandi,
1212 2551 1342 2594 omnem

283 2643 448 2703 Franciam
466 2640 611 2701 ecclesiae
627 2639 695 2699 eius
709 2639 740 2698 in
756 2637 879 2718 praedio
891 2638 991 2711 dedit,
1005 2639 1087 2700 sicut
1099 2639 1212 2699 beatus
1225 2638 1343 2700 Paulus

283 2747 447 2827 apostolus
469 2752 500 2805 et
515 2745 661 2806 Clemens
682 2763 765 2825 papa
790 2745 884 2805 beato
902 2745 1055 2824 Dionysio
1072 2745 1104 2804 in
1126 2745 1342 2824 apostolatum

283 2859 375 2914 antea
399 2851 486 2912 illam
512 2850 734 2930 praebuerant,
764 2857 795 2910 et
820 2851 973 2930 praecepit
995 2857 1031 2912 ut
1060 2869 1174 2911 omnes
1199 2849 1341 2912 Franciae

282 2978 374 3038 reges
396 2965 427 3018 et
452 2957 613 3037 episcopi,
643 2963 818 3036 praesentes
846 2963 877 3016 et
903 2956 1022 3030 futuri,
1048 2957 1169 3036 pastori
1194 2957 1341 3018 eiusdem

283 3065 428 3126 ccclesiae
451 3069 559 3125 essent
583 3062 771 3124 obedientes
789 3063 821 3122 in
837 3062 973 3136 Christo,
999 3082 1057 3124 nec
1072 3082 1163 3142 reges
1179 3064 1248 3124 sine
1272 3064 1341 3124 eius

283 3171 419 3232 consilio
440 3175 547 3230 essent
567 3170 722 3242 coronati,
749 3188 809 3229 nec
832 3169 975 3248 episcopi
998 3168 1148 3242 ordinati,
1172 3188 1233 3230 nec
1256 3169 1341 3250 apud

283 3276 417 3337 Romam
435 3274 553 3353 recepti
573 3280 680 3334 essent
702 3279 755 3334 aut
775 3272 927 3333 damnati.
953 3271 1090 3334 Rursum
1111 3279 1184 3353 post
1202 3273 1340 3353 plurima

283 3381 368 3442 dona
389 3380 543 3460 praecepit
567 3385 601 3440 ut
627 3379 732 3439 eidem
755 3378 900 3439 ecclesiae
930 3380 1149 3459 unusquisque
1171 3398 1341 3459 possessor

283 3487 536 3566 uniuscuiusque
562 3485 677 3546 domus
702 3487 799 3546 totius
825 3485 933 3546 Galliae
959 3491 1096 3566 quatuor
1119 3504 1270 3546 nummos
1283 3505 1339 3547 an-

282 3593 402 3653 nuatim
426 3591 465 3652 ad
484 3591 705 3653 aedificandam
725 3591 896 3652 ecclesiam
922 3591 1022 3665 daret,
1046 3597 1079 3654 et
1096 3611 1209 3653 omnes
1228 3611 1340 3653 servos

282 3697 335 3778 qui
352 3697 411 3758 hos
427 3714 576 3757 nummos
589 3695 727 3756 libenter
741 3695 864 3768 darent,
883 3697 1079 3757 manumisit.
1100 3698 1190 3758 Tunc
1209 3697 1340 3758 beatum

282 3801 484 3882 Dionysium,
500 3800 587 3861 iuxta
600 3801 669 3861 eius
683 3818 801 3880 corpus
812 3806 910 3873 stans,
926 3801 1110 3880 imploravit
1124 3810 1159 3863 ut
1169 3821 1229 3882 pro
1238 3804 1338 3864 salute

280 3909 411 3971 illorum
426 3906 480 3986 qui
495 3905 634 3967 libenter
656 3906 729 3967 illos
743 3923 891 3966 nummos
906 3904 1036 3980 dabant,
1053 3907 1191 3970 Domino
1207 3927 1337 3988 precem

315 4137 349 4205 (l)
368 4142 400 4190 78
415 4156 421 4190 ι
436 4139 523 4190 rediit.
