3042 4942
630 417 817 488 ..51-

186 587 321 630 suarum
341 568 375 629 in
392 571 508 629 statera
523 563 702 646 suspendit,
719 564 807 646 quod
820 566 921 645 magis
935 567 1155 653 appenderent
1167 569 1253 633 bona

187 693 288 755 quam
303 674 373 736 eius
383 671 479 746 mala,
492 675 524 733 et
537 671 657 733 iccirco
669 671 738 734 eius
752 671 891 733 animam
904 671 944 734 ab
956 673 1051 735 nobis
1062 674 1203 737 abstulit.
1214 712 1252 722 -

184 781 225 842 Et
235 781 288 842 his
299 780 395 842 dictis
415 778 543 840 daemon
562 778 701 849 evanuit.
717 778 827 860 ltaque
842 797 902 858 ego
912 779 1054 842 intellexi
1072 781 1185 844 eadem
1199 783 1251 845 die

185 886 342 948 Karolum
364 904 403 947 en
426 885 486 947 hac
511 883 583 946 luce
607 885 774 964 migrasse,
801 891 833 946 et
859 884 1013 948 subsidiis
1037 886 1122 948 beati
1143 887 1251 950 Iacchi

184 993 281 1054 cuius
302 991 458 1053 ecclesias
472 991 589 1053 multas
611 990 825 1053 aedificaverat
849 992 889 1054 ad
910 1010 1049 1073 superna
1068 1012 1166 1073 regna
1187 1013 1252 1056 rne-

183 1099 249 1160 rito
271 1097 473 1159 subvectum.
490 1096 570 1157 Nam
588 1102 620 1159 et
634 1115 693 1177 ego
708 1097 747 1158 ab
767 1116 818 1172 eo,
841 1098 893 1160 die
912 1098 1035 1160 scilicet
1051 1119 1114 1180 qua
1137 1119 1197 1162 nos
1212 1100 1251 1162 ab

182 1205 328 1265 invicem
344 1208 430 1283 apud
444 1203 601 1264 Viennam
626 1203 857 1282 separavimus,
882 1205 1130 1285 impetraveram
1153 1212 1199 1281 ut,
1225 1207 1251 1268 si

184 1311 257 1372 lieri
283 1315 412 1390 posset,
437 1310 587 1370 nuntium
611 1309 725 1370 mortis
748 1329 815 1372 suae
840 1311 917 1372 mihi
945 1312 1098 1386 mitteret,
1125 1313 1151 1375 si
1178 1320 1251 1376 ante

184 1421 328 1478 mortem
349 1433 454 1476 meam
482 1433 570 1476 mors
584 1415 630 1476 illi
645 1416 781 1477 veniret.
800 1415 953 1477 Similiter
967 1417 1036 1497 ipse
1048 1437 1065 1478 a
1079 1437 1129 1480 me
1149 1419 1251 1499 impe-

184 1527 329 1583 traverat
342 1527 377 1583 ut
398 1525 535 1582 mortem
557 1521 585 1581 ei
603 1521 865 1601 praenuntiarem.
883 1520 1096 1603 Quapropter,
1120 1542 1195 1585 cum
1218 1525 1250 1588 in

185 1625 380 1705 aegritudine
405 1633 491 1685 esset
514 1624 676 1698 detentus,
696 1623 789 1686 laetae
809 1626 1036 1705 promissionis
1053 1634 1250 1690 memoratus

184 1731 344 1812 praecepit
359 1730 488 1791 cuidam
507 1730 597 1790 militi
616 1730 769 1811 alumpno
784 1750 854 1805 suo,
870 1737 1041 1812 antequam
1057 1739 1248 1808 moreretur,
1334 1799 1339 1808 ,

186 1843 222 1898 ut
233 1854 308 1898 oum
320 1836 389 1896 eius
402 1840 541 1896 mortem
554 1835 748 1914 agnovisset,
762 1834 849 1895 illico
865 1835 963 1897 miclri
978 1837 1152 1898 nuntiaret.
1166 1837 1249 1910 Quid

176 1941 304 2021 plura?
319 1939 397 2000 Post
413 1939 483 1999 eius
504 1944 643 1999 mortem
657 1938 773 2000 diebus
789 1939 976 2019 quindecim
990 1941 1172 2015 transactis,
1192 1960 1251 2023 per

186 2045 340 2107 eumdem
356 2045 507 2106 nuntium
523 2043 622 2105 didici
638 2044 677 2105 ab
699 2045 770 2124 ipso
783 2051 941 2125 tempore,
961 2066 1026 2125 quo
1041 2046 1081 2108 ab
1097 2047 1250 2128 Hispania

186 2150 333 2223 recessit,
349 2167 452 2230 usque
472 2148 559 2210 diem
577 2150 691 2210 mortis
713 2168 778 2211 suae
800 2150 891 2211 illum
911 2150 1039 2212 assidue
1062 2158 1247 2231 egrotasse,

187 2275 225 2316 ac
239 2273 299 2335 pro
316 2253 418 2314 salute
432 2252 641 2333 praelatorum
657 2253 884 2314 detunctorum
906 2255 1020 2316 eadem
1038 2255 1090 2317 die
1105 2275 1167 2336 qua
1187 2258 1247 2337 ipsi

186 2361 369 2422 martirium
383 2377 443 2439 pro
459 2358 569 2420 divino
586 2377 694 2420 amore
707 2365 930 2439 susceperunt,
946 2361 1070 2423 scilicet
1084 2369 1174 2424 sexto
1197 2363 1250 2424 de-

117 2510 119 2516 ·
188 2469 274 2530 aimo
289 2465 447 2528 Kalendas
462 2465 545 2539 iulii,
568 2464 741 2528 duodecim
761 2466 863 2527 millia
882 2469 993 2530 uncias
1009 2475 1177 2548 argenteas
1197 2475 1247 2532 to-

186 2574 353 2654 tidemque
364 2573 485 2633 talenta
499 2591 607 2647 aurea,
624 2579 729 2634 vestes
740 2573 836 2634 etiam
851 2579 882 2634 et
897 2573 1017 2636 cibaria
1034 2576 1200 2637 annuatim
1215 2576 1247 2636 in
1291 2617 1300 2682 )

188 2679 276 2741 omni
301 2679 367 2740 vita
393 2697 451 2739 sua
475 2679 673 2758 pauperibus
699 2678 830 2739 solitum
856 2697 1006 2758 erogasse
1031 2680 1248 2762 (totidemque

186 2785 340 2866 psalteria
357 2785 587 2864 missasque-et
601 2785 725 2864 vigilias
748 2785 870 2845 cantari
890 2784 996 2865 fecit),
1023 2792 1118 2866 atque
1134 2787 1247 2848 eadem

189 2889 241 2951 die
259 2896 289 2951 et
301 2889 382 2950 hora
394 2907 457 2968 qua
472 2888 629 2950 visionem
642 2907 710 2968 ego
727 2889 882 2963 videram,
908 2890 1032 2952 seilicet
1054 2892 1167 2971 quinto
1188 2891 1248 2952 Ka-

188 2994 301 3057 lendas
314 2993 479 3054 Februarii
495 3011 579 3054 anno
594 2993 766 3054 dominicae
779 2993 1012 3056 incarnationis
1024 3013 1143 3058 ccccxiv
1157 2996 1247 3056 illum

189 3099 228 3168 ab
249 3099 311 3160 hac
331 3092 397 3158 vita
411 3059 614 3202 migrassellet
634 3097 720 3177 apud
734 3098 972 3177 aquisgranum
995 3099 1062 3160 oris
1084 3097 1195 3160 Leodii
1215 3100 1248 3160 in

188 3204 291 3265 beatae
305 3202 410 3264 llariae
425 3201 563 3279 Virginis
590 3201 722 3263 basilica
744 3202 884 3263 rotunda
904 3222 999 3283 quam
1015 3204 1084 3284 ipse
1107 3203 1248 3266 aedilica-

188 3314 289 3382 verat,
303 3306 484 3369 honorifice
505 3307 667 3386 sepultum
680 3307 770 3368 illum
786 3287 961 3400 fuissep'llt
978 3309 1048 3371 haec
1071 3311 1161 3390 signa
1176 3317 1248 3372 avito

187 3421 326 3476 mortem
343 3414 413 3474 eius
426 3430 484 3492 per
502 3418 568 3473 tres
592 3432 693 3474 annos
716 3413 890 3493 contigisse
911 3405 1132 3516 audivifllam
1148 3416 1247 3478 solem

188 3527 220 3581 et
229 3520 337 3581 lunam
352 3523 476 3598 septem
488 3516 613 3578 dierum
627 3517 730 3596 spatio
744 3523 812 3579 atro
825 3519 934 3581 'colore
948 3526 1020 3581 ante
1032 3521 1101 3582 eius
1112 3527 1247 3582 mortem

188 3623 512 3704 contigitimmutari;
549 3641 644 3684 omen
659 3641 733 3684 vero
746 3624 826 3697 eius,
840 3624 930 3685 idest
940 3625 1074 3686 llarolus
1085 3626 1247 3705 princeps,

63 3808 66 3812 g
188 3732 359 3814 quoderat
374 3731 530 3810 scriptum
550 3731 583 3790 in
601 3731 723 3810 pariete
749 3731 894 3793 ecclesiae
914 3731 1066 3811 praelatae,
1084 3738 1155 3792 ante
1180 3733 1248 3793 eius

109 3833 112 3837 ’
190 3843 326 3900 mortem
340 3837 474 3898 omnino
486 3837 761 3915 persemetipsum
774 3837 914 3897 deletum
929 3842 987 3909 est;
1005 3837 1161 3916 porticus,
1176 3855 1247 3916 quae

187 3946 271 4005 inter
286 3943 454 4003 basilicam
468 3947 500 4001 et
514 3941 633 4019 regiam
658 3947 736 4014 evat,
762 3941 813 4002 die
836 3941 1044 4002 ascensionis
1063 3941 1246 4015 dominicae,

188 4048 333 4111 funditus
355 4065 414 4126 per
442 4045 648 4124 semetipsam
671 4044 799 4106 cecidit.
820 4045 903 4105 Pons
919 4045 1044 4123 ligneus
1062 4062 1157 4124 quem
1179 4045 1246 4124 ipse

1304 2622 1347 2680 lss
