3042 4942
646 395 841 466 ..53-

156 549 158 554 '
197 549 303 628 igitur
328 547 378 608 vir
402 544 608 608 venerandus
633 543 857 607 llotholandus
882 559 992 606 comes
1016 542 1270 625 Gratianopolim

197 652 322 714 urbem
346 667 420 713 oum
445 649 626 711 innumeris
648 648 902 711 Christianorum
928 648 1124 710 exercitibus
1148 655 1272 731 septem

199 775 371 819 annorum
386 755 490 837 spatio
501 773 559 836 per
571 755 742 817 circuitum
757 753 950 828 obsedisset,
963 754 1058 816 velox
1073 755 1202 817 advenit
1214 774 1271 836 pa·

197 862 398 944 ranimphus
415 861 574 923 nuncians
588 860 718 941 siquod
733 859 867 922 Karolus
881 861 1061 922 avunculus
1075 861 1144 923 eius
1154 861 1186 921 in
1198 879 1271 922 arce

198 971 347 1052 quadam
358 967 612 1032 orisWarnaoiae
625 968 716 1030 urbis
725 967 878 1029 obsessus
890 983 907 1028 a
918 967 1021 1029 tribus
1030 968 1161 1047 regibus
1171 976 1269 1042 esset,

197 1075 437 1160 Wandalorum
448 1074 584 1148 scilicet,
601 1074 764 1135 Saxonum
775 1079 807 1134 et
819 1073 1000 1147 Frisonurn,
1014 1079 1046 1134 et
1057 1091 1271 1136 eorumexer·

200 1181 325 1244 citibus
339 1177 510 1241 tenebatur
523 1178 681 1241 mandans
692 1185 725 1240 et
738 1177 917 1257 efflagitans
931 1184 966 1240 ut
978 1178 1038 1240 sibi
1053 1179 1117 1240 cito
1126 1195 1200 1241 cum
1211 1197 1270 1242 suo

202 1283 351 1348 exercitu
378 1291 594 1358 succurreret,
624 1301 763 1364 eumque
790 1303 807 1344 a
832 1284 965 1364 paganis
992 1284 1154 1346 liberaret.
1183 1285 1272 1348 Tunc

128 1441 131 1446 .
202 1411 322 1474 nepos,
348 1389 498 1454 avunculi
525 1391 587 1452 sibi
607 1391 718 1453 dilecti
741 1390 899 1452 artaietate
923 1397 1069 1466 moestus,
1093 1391 1271 1454 fluctuabat

151 1574 153 1580 s
177 1577 180 1581 .
205 1497 321 1559 anxius
332 1495 410 1576 quid
424 1494 525 1574 magis
539 1494 682 1574 eligeret,
695 1499 749 1556 aut
761 1494 874 1555 urbem
886 1513 945 1574 pro
955 1500 1130 1575 quatentos
1141 1495 1270 1560 labores

203 1617 323 1684 passus
340 1601 457 1674 luerat,
470 1605 502 1660 et
520 1599 646 1661 Christo
666 1599 839 1679 subiugare
858 1599 997 1674 volebat,
1019 1599 1215 1681 relinquere,
1239 1607 1272 1662 et

206 1707 404 1770 avunculum
426 1705 578 1780 liberare,
606 1712 660 1766 aut
685 1705 777 1766 illum
802 1705 962 1767 dimittere
986 1713 1018 1768 et
1038 1706 1152 1768 urbem
1175 1725 1273 1788 expu-

206 1829 317 1893 gnare.
332 1810 357 1872 0
370 1811 474 1872 virum
483 1827 541 1890 per
553 1808 877 1883 omnialaudabilem,
889 1811 1007 1890 pietate
1020 1811 1268 1888 redundantem,

206 1918 292 1978 inter
319 1915 399 1977 duas
424 1915 571 1976 fortunas
594 1915 639 1975 ita
659 1914 892 1992 angustiatum!
916 1913 980 1976 Sed
1004 1915 1084 1995 quid
1104 1915 1153 1976 vir
1176 1933 1270 1978 vene

205 2022 328 2084 raudus
349 2021 462 2100 egerit,
489 2026 539 2082 est
562 2018 771 2081 audiendum.
795 2018 909 2098 Tribus
931 2019 1046 2082 diebus
1070 2020 1269 2102 totidemque

206 2127 358 2192 noctibus
380 2145 445 2189 non
471 2125 670 2188 manducans
692 2130 746 2186 aut
766 2125 883 2186 bibens
902 2125 1001 2187 sacris
1022 2126 1174 2207 precibus
1194 2145 1268 2190 cum

208 2236 276 2298 suis
290 2233 485 2296 exercitibus
503 2241 606 2307 vacat,
627 2233 792 2313 Deumque
812 2232 875 2294 sibi
898 2234 931 2294 iu
952 2234 1106 2295 auxilium
1125 2235 1268 2308 invocat,

207 2340 337 2402 dicens:
353 2340 489 2402 Domine
501 2339 573 2401 lesu
588 2338 724 2414 Christe,
748 2337 792 2399 tili
812 2338 915 2400 Patris
930 2340 1088 2415 altissimi,
1114 2341 1166 2422 qui
1185 2339 1267 2402 divi·

208 2445 278 2506 sisti
287 2443 522 2506 llareRubrum
531 2443 564 2503 in
576 2441 914 2518 divisiones,eduxisti
926 2443 1046 2506 Israhel
1056 2463 1114 2526 per
1126 2445 1269 2507 medium

206 2550 287 2624 eius,
309 2554 342 2610 et
360 2548 569 2632 praecipitasti
584 2547 785 2610 Pharaonem
799 2549 832 2610 iu
854 2569 904 2624 eo,
923 2556 954 2610 et
976 2551 1187 2612 transduxisti
1212 2569 1269 2632 po·

207 2763 234 2813 la
248 2761 310 2812 ville
322 2761 355 2812 de
369 2759 481 2823 Noblcs‚
497 2761 563 2814 dont
574 2763 599 2814 le
613 2765 652 2814 roi
672 2760 756 2814 Foure'
771 2759 836 2815 etait
854 2762 967 2830 pre'pare
980 2763 996 2817 1
1011 2767 1131 2817 soutonir
1143 2779 1180 2818 un
1195 2765 1269 2833 siege

208 2853 241 2906 de
255 2854 334 2918 vingt
346 2865 405 2902 ans.
422 2851 530 2904 Charlcs
549 2856 590 2905 est
602 2851 618 2906 a
631 2856 708 2920 peine
720 2853 810 2908 rentrd
823 2852 839 2907 h
850 2858 916 2919 Aix,
930 2857 996 2923 qu’il
1014 2860 1098 2923 recoit
1112 2859 1144 2909 da
1160 2859 1229 2910 Saue
1244 2861 1270 2911 la

207 2945 329 2998 nouvelle
342 2944 428 3009 quale
440 2947 480 2996 roi
492 2943 617 2998 Vitakind
630 2961 645 2998 a
658 2950 714 3011 pris
727 2951 754 2998 et
765 2945 842 2999 brhld
856 2949 1025 3016 Mutersborg
1038 2954 1064 3002 at
1079 2947 1172 3002 mutild
1184 2949 1267 3003 111νέ-

208 3053 270 3106 que.
286 3041 306 3091 ll
326 3040 449 3094 s’avanoe
468 3039 701 3092 avecsonarmee
719 3041 823 3092 vorsla
842 3043 926 3104 Saxo,
946 3045 1014 3094 mais
1033 3045 1051 3094 il
1070 3042 1214 3096 asteneth
1234 3060 1268 3098 au
1365 3085 1367 3090 .

208 3149 324 3201 passage
338 3135 375 3186 du
388 3133 457 3186 Rbin
471 3151 477 3184 :
491 3135 509 3184 il
523 3134 567 3200 n’y
579 3149 595 3186 a
610 3137 635 3185 ni
649 3137 730 3200 pont,
744 3137 770 3185 ni
783 3135 896 3198 bateau,
912 3138 938 3186 ni
952 3135 1013 3202 gud.
1028 3139 1049 3188 ll
1062 3140 1210 3191 rassernbla
1220 3141 1268 3192 des

208 3223 358 3279 mate'riaux
370 3241 439 3293 pour
453 3242 490 3278 un
508 3231 589 3293 pont;
611 3231 678 3279 mais
694 3229 718 3280 le
737 3229 832 3280 travail
852 3243 885 3280 va
905 3227 1123 3283 tres-lentement
1138 3249 1143 3282 :
1161 3231 1269 3286 charles

208 3325 325 3392 regrette
344 3335 397 3387 que
416 3321 519 3374 Roland
534 3335 567 3374 ne
588 3324 641 3374 soit
658 3337 708 3387 pas
726 3321 769 3385 ld;
791 3323 829 3375 les
849 3327 929 3389 ponts
944 3327 1060 3378 sereient
1080 3328 1132 3378 vite
1152 3327 1228 3390 faits
1243 3331 1268 3380 et

207 3419 333 3472 Vitalrind
351 3415 407 3470 tud.
428 3419 448 3468 ll
467 3421 560 3470 envoie
575 3419 621 3470 des
640 3433 777 3484 messages
795 3417 928 3471 dRoland
943 3423 969 3472 et
983 3422 1081 3472 Olivier
1089 3437 1097 3484 ;
1113 3426 1223 3491 ceux-ci
1239 3440 1268 3475 sc

208 3508 353 3562 mettenta
373 3510 499 3573 l’oeuvse,
520 3512 598 3562 etan
621 3513 662 3561 six
682 3513 749 3562 mois
768 3511 792 3561 le
811 3513 878 3576 pont
898 3515 938 3562 est
957 3515 1100 3564 construit.
1121 3515 1224 3566 Roland
1242 3520 1269 3566 et

208 3603 306 3654 Olivier
321 3603 484 3668 s'emparcnt
496 3605 528 3655 de
542 3604 669 3656 Vcsklara
688 3609 716 3656 et
731 3609 864 3670 prenncnt
884 3607 997 3668 Saevini,
1013 3607 1037 3657 le
1053 3620 1222 3673 gouverneur
1236 3611 1274 3664 de

208 3695 234 3746 la
249 3695 318 3746 ville.
340 3697 402 3746 Puis
417 3708 451 3746 on
470 3696 555 3760 prend
575 3697 601 3747 la
616 3697 676 3748 ville
692 3698 724 3748 de
739 3700 902 3763 Tremognc,
918 3699 984 3751 dont
1005 3700 1044 3750 les
1059 3713 1133 3750 murs
1147 3682 1287 3751 tombent'

208 3802 258 3853 par
270 3789 392 3849 miracles,
411 3789 435 3840 le
449 3790 488 3840 roi
500 3789 625 3840 Vitakind
643 3794 684 3841 ast
700 3789 753 3842 tue'.
774 3793 861 3842 Beuve
878 3806 942 3843 sans
961 3793 1045 3844 Barba
1060 3796 1102 3844 est
1121 3791 1220 3858 charge
1235 3795 1268 3845 de
1355 3775 1360 3788 ⁸

210 3881 348 3932 surreiller
360 3882 384 3932 le
396 3895 472 3946 pays.
489 3898 503 3929 »
520 3908 550 3918 -
564 3884 632 3933 Tout
646 3897 676 3934 ce
689 3883 810 3948 chapitre
822 3887 863 3934 est
877 3899 930 3936 une
944 3885 1064 3936 addition
1080 3885 1202 3937 evidente
1215 3884 1231 3936 b
1243 3887 1270 3937 la

210 3977 345 4027 narration
358 3976 391 4027 de
404 3977 517 4040 Turpin,
534 3989 638 4027 comme
650 3978 674 4028 le
688 3980 831 4043 marquent
844 3978 979 4030 d'aillcurs
991 3980 1029 4030 los
1040 3981 1167 4044 premicrs
1181 3985 1267 4031 mots:

212 4085 226 4114 a
241 4070 291 4121 Sed
307 4070 383 4122 valde
396 4070 509 4134 dignum
524 4073 565 4121 est
583 4073 614 4121 ut
633 4073 702 4122 inter
719 4076 821 4134 cetera,
841 4075 939 4124 etc.....
957 4090 971 4120 r>
988 4097 1017 4111 -
1033 4072 1095 4123 h'on
1111 4086 1126 4124 a
1140 4087 1177 4124 vu
1190 4074 1215 4126 le
1229 4077 1268 4127 roi

210 4157 308 4211 Fourrd
322 4174 357 4211 au
372 4160 415 4212 cb.
428 4162 493 4212 XVl.
