3042 4942
590 398 786 472 -51-

138 548 293 610 Sansoui
308 547 514 621 assimilatus
531 545 616 607 Sauli
630 551 661 607 et
673 545 814 607 louethae
833 548 946 609 mortis
959 547 1088 608 fortuna
1113 548 1217 609 consi-

138 650 1215 728 milis,milesaeerrime‚bellodoctissime‚fortissimefortiorum‚

138 778 256 839 genus
269 757 389 836 regale,
407 756 590 816 destructur
612 755 873 829 Sarracenorum‚
893 755 1044 816 defensor
1065 755 1217 816 Christia-

138 883 285 939 norum,
304 880 414 924 murus
432 863 635 934 clericorum,
652 860 787 921 baculus
812 861 1030 941 orphanorum
1052 868 1083 922 et
1105 862 1217 923 vidua-

138 991 226 1033 rum
248 971 353 1044 cibus,
369 970 503 1030 relectio
516 974 580 1029 tam
595 986 771 1048 pauperum
787 987 883 1048 quam
897 968 1044 1042 divitum,
1065 969 1217 1030 relevatio

140 1078 378 1148 ecclesiarum,
405 1075 513 1154 lingua
535 1075 645 1152 ignara
671 1073 831 1135 mendacii
853 1075 885 1134 in
905 1073 1045 1156 iudiciis
1073 1075 1215 1135 omnium

141 1203 266 1247 comes
280 1183 390 1244 inclite
406 1182 580 1254 Gallorum,
597 1180 661 1241 dux
675 1181 872 1242 exercituum
889 1181 1030 1242 fidelium
1046 1185 1052 1241 l
1072 1187 1171 1242 curte
1186 1183 1217 1242 iu

140 1292 212 1352 has
237 1309 311 1352 oras
334 1288 473 1349 adduxi?
498 1307 555 1348 eur
579 1293 740 1348 mortuum
758 1292 789 1346 te
804 1287 920 1348 video?
941 1307 999 1348 eur
1013 1305 1078 1348 riou
1099 1289 1220 1349 morior

141 1399 288 1458 tecum?
313 1414 370 1456 eur
392 1413 443 1454 me
466 1401 618 1455 moestum
640 1400 671 1452 et
691 1393 820 1453 inanem
846 1393 1001 1453 dimittis?
1015 1394 1077 1455 heu
1103 1395 1217 1456 miser!

145 1504 234 1584 quid
262 1502 402 1563 faciam?
427 1501 515 1561 vivas
544 1519 617 1560 eum
644 1500 777 1578 augelis
804 1501 927 1560 exultes
954 1519 1026 1560 eum
1053 1503 1221 1563 martirum

146 1610 277 1682 eboris,
294 1608 412 1668 laeteris
425 1625 496 1670 cum
511 1606 662 1667 omnibus
676 1606 812 1667 sanctis:
840 1606 907 1666 siue
927 1606 990 1666 line
1008 1608 1086 1668 milri
1108 1609 1220 1687 lugen-

115 1753 119 1756 -
148 1715 235 1776 dum
251 1719 301 1774 est
316 1731 413 1792 super
426 1718 456 1772 te
472 1710 745 1792 quemadmodum
759 1711 841 1771 luxit
854 1717 885 1770 et
900 1711 1003 1772 doluit
1013 1713 1112 1773 David
1125 1731 1222 1792 super

149 1821 232 1881 Saul
248 1826 281 1880 et
299 1818 454 1880 Ionathan
472 1824 504 1878 et
522 1817 673 1878 Absalorr.

259 2028 304 2088 Tu
319 2027 456 2107 patriam
474 2027 604 2107 repetis,
622 2045 682 2087 uos
698 2027 788 2088 triste
804 2028 863 2089 sub
881 2028 958 2088 urbe
973 2029 1139 2110 relinquis.

301 2133 342 2193 Te
357 2138 445 2193 tenet
461 2133 531 2192 aula
543 2133 661 2205 nitens,
676 2151 736 2193 uos
751 2132 920 2194 lacrimosa
936 2134 1015 2195 dies.

263 2238 336 2310 Sex,
356 2238 421 2318 qui,
438 2238 539 2298 lustra
552 2256 666 2316 gerens
679 2243 752 2298 octo
768 2238 874 2301 bouus
888 2241 1021 2320 insuper
1035 2257 1148 2314 annos

299 2341 434 2420 Ereptus
450 2346 542 2401 terrm
557 2341 659 2400 iustus
672 2339 712 2400 ad
725 2346 810 2400 astra
823 2341 920 2402 redis.

260 2445 309 2505 Ad
323 2445 539 2525 parasidiaeas
555 2445 665 2524 epulas
679 2451 709 2506 te
726 2445 797 2505 eive
812 2445 957 2520 reductu,

302 2549 393 2610 Unde
408 2550 506 2628 gemit
521 2549 673 2624 muudus,
690 2550 808 2628 gaudet
822 2551 945 2612 honore
961 2553 1065 2632 polus.

199 2761 254 2820 His
278 2760 385 2821 verbis
408 2761 503 2822 ethis
526 2761 685 2821 similibus
712 2761 844 2823 llamlus
867 2763 1106 2825 Rotholandum
1128 2765 1220 2839 luxit,

158 2870 304 2950 quaudiu
327 2870 414 2944 vixit,
433 2871 603 2950 statimque
623 2871 655 2930 iu
679 2871 794 2938 eodem
816 2872 890 2932 loco
910 2891 974 2952 quo
998 2871 1221 2935 uomolandus

158 2974 286 3036 iacebat
301 2973 483 3046 defunctus
503 2975 557 3035 illa
571 2981 665 3035 nocte
681 2976 818 3036 tentoria
832 2995 889 3036 sua
911 2977 1044 3037 llarolus
1065 2995 1136 3036 eum
1161 2996 1219 3038 suo

161 3081 303 3142 exercitu
318 3079 396 3154 fixit,
414 3086 445 3140 et
458 3079 653 3141 Rotlrolaudi
666 3099 783 3160 eorpus
799 3081 1015 3140 exanimatum
1029 3080 1174 3142 balsamo
1190 3087 1223 3142 et

160 3187 283 3265 mirrha
300 3192 333 3246 et
355 3186 424 3263 aloe
454 3186 595 3259 condiit,
620 3191 651 3246 et
672 3187 823 3266 exequias
847 3205 977 3265 maguus
1002 3187 1165 3262 cantibus,
1190 3195 1223 3250 et

161 3292 314 3365 luctibus,
331 3291 558 3372 precibusque,
573 3291 658 3350 eirca
668 3309 742 3351 eum
756 3291 968 3351 luminaribus
979 3298 1011 3351 et
1023 3291 1151 3370 ignibus
1164 3311 1222 3372 per

163 3417 296 3460 nemora
319 3399 475 3472 accensis
500 3397 677 3460 honorilice
708 3403 774 3458 tota
797 3404 891 3459 nocte
917 3399 970 3458 illa
995 3399 1102 3460 cuncti
1128 3418 1221 3479 pere-

162 3511 288 3584 gerunt.
