3042 4942
148 546 217 608 dux
243 546 442 625 Aquitaniae,
471 542 657 604 Lambertus
681 544 900 616 bituricensis»,
919 543 1062 616 GeleruS,
1080 542 1222 616 Gelinus‚

149 652 338 720 Rainaldus
365 652 404 713 de
427 651 507 710 Alba
531 651 640 729 Spina,
665 650 809 712 Galterus
825 650 864 711 de
889 650 1022 722 Termis,
1047 649 1224 723 Guielmus,

148 760 255 838 Regu,
288 777 361 821 cum
387 759 529 837 quinque
549 756 690 816 millibus
713 757 860 818 aliorum.
880 755 988 818 Oellus
1015 773 1124 816 comes
1141 755 1226 834 apud

148 864 293 936 Nantas,
320 864 431 924 urbem
454 881 555 934 suam,
579 879 652 923 cum
668 861 738 922 aliis
753 863 863 923 multis
879 861 1040 922 Britannis
1058 859 1223 938 sepelitur.

104 932 208 1084 [His
223 971 340 1049 itaque
355 971 430 1030 viris
445 970 617 1048 sepulturae
631 969 768 1040 traditis,
786 989 822 1029 ao
840 987 899 1048 pro
919 968 1098 1028 animarum
1114 983 1226 1026 eorum

150 1073 264 1134 salute
282 1073 456 1134 duodecim
483 1072 625 1134 millibus
648 1073 752 1134 unciis
768 1073 939 1151 argenteis,
956 1071 1158 1150 totidemque
1179 1076 1226 1132 ta-

149 1179 258 1240 lentis
277 1181 393 1252 aureiS,
407 1179 614 1259 vestibusque
632 1186 663 1239 et
677 1179 817 1252 cibariis,
836 1178 981 1252 Karolus,
998 1177 1084 1240 ludae
1102 1177 1227 1238 Macha-

150 1281 217 1344 baei
245 1291 455 1356 memoratus,
482 1284 613 1362 largitus
637 1287 757 1362 egenis,
785 1289 885 1344 totam
902 1289 1020 1344 terram
1046 1302 1117 1362 quae
1141 1282 1226 1343 circa

151 1386 330 1473 basilicam
344 1389 444 1448 sancti
466 1387 600 1449 Romani
618 1388 789 1449 blaviensis
809 1407 862 1449 sex
884 1388 1108 1448 milliariorum
1123 1387 1227 1466 spatio

152 1495 349 1571 porrigitur,
374 1499 542 1572 totumque
558 1494 713 1572 oppidum
735 1494 899 1554 blaviense
921 1513 994 1554 euni
1016 1494 1141 1554 cunctis
1157 1513 1228 1572 quae

154 1586 220 1657 sibi
240 1600 405 1677 pertinent
420 1607 451 1658 et
463 1600 559 1658 etiam
569 1619 655 1660 mare
668 1601 756 1679 quod
766 1599 825 1660 sub
838 1617 876 1660 eo
886 1605 945 1672 est,
957 1599 1069 1660 usibus
1084 1599 1227 1660 eiusdem

156 1705 312 1765 ecclesia
343 1706 374 1764 in
397 1704 515 1778 alodio,
536 1724 645 1766 amore
663 1705 870 1778 Rotholandi,
896 1705 995 1778 dedit,
1020 1711 1051 1765 et
1074 1706 1229 1784 pracepit

156 1811 332 1871 canonicis
347 1810 492 1870 eiusdem
505 1811 567 1872 loci
591 1831 631 1870 ue
656 1812 748 1873 alicui
767 1830 913 1891 personae
932 1812 1080 1872 humanae
1098 1811 1231 1871 servitu-

157 1913 200 1973 tis
217 1915 328 1974 ot'ticia
351 1915 487 1992 amplius
513 1915 712 1989 exhiberent,
737 1917 794 1977 sed
816 1916 1021 1977 solummodo
1044 1935 1102 1995 pro
1128 1917 1229 1976 salute

158 2019 282 2080 animae
305 2020 432 2098 nepotis
448 2020 495 2079 sui
518 2021 745 2099 sociorumque
768 2021 836 2081 eius
853 2020 904 2080 die
924 2021 1085 2099 passionis
1100 2039 1230 2081 eorum-

160 2125 238 2186 dem
250 2126 415 2186 annuatim
429 2126 558 2203 triginta
572 2145 729 2205 pauperes
743 2128 868 2188 cunctis
882 2128 1024 2188 vestibus
1041 2129 1231 2189 necessariis

159 2230 340 2291 induerent
357 2230 550 2308 cibariisque
576 2231 754 2304 reticerent,
771 2237 801 2290 et
824 2232 954 2309 triginta
970 2232 1131 2310 psalteria,
1155 2232 1231 2291 toti-

162 2335 306 2414 demque
331 2336 445 2395 missas
460 2354 534 2395 cum
550 2337 667 2414 vigiliis
689 2337 868 2416 ceterisque
891 2338 1043 2416 plenariis
1063 2337 1231 2398 defuncto-

163 2461 238 2502 rum
265 2441 431 2520 obsequiis
447 2441 478 2500 in
493 2444 832 2502 commemorationem
850 2463 962 2505 eorum
980 2445 1144 2504 anruratim
1167 2462 1230 2503 non

163 2548 274 2608 solum
299 2566 357 2626 pro
379 2547 440 2619 his,
460 2565 571 2606 verum
596 2548 689 2606 etiarn
706 2565 764 2625 pro
787 2547 938 2608 omnibus
962 2548 1063 2626 quiin
1080 2547 1232 2626 Hispania

164 2653 356 2731 martyrium
382 2670 441 2731 pro
457 2651 566 2711 divino
589 2669 697 2712 amore
714 2651 763 2711 vel
778 2658 980 2730 acceperant,
997 2651 1047 2712 vel
1069 2650 1231 2730 accepturi

164 2758 286 2831 t'oreut,
304 2757 474 2835 diligenter
488 2757 648 2828 canonici,
667 2757 790 2817 scilicet
810 2764 986 2837 praesentes
1001 2763 1032 2818 et
1051 2756 1161 2829 futuri,
1179 2774 1232 2817 ce-

164 2859 341 2933 lebrarent,
359 2865 516 2938 quatenus
532 2860 676 2939 ipsorum
689 2878 818 2920 coronae
833 2860 865 2919 in
878 2858 1232 2938 celestibusparticipes

166 2968 238 3028 fieri
253 2973 461 3027 morerentur.
479 2966 569 3037 Quod
584 2968 628 3026 illi
643 2967 702 3027 sub
713 2973 808 3045 pacto
824 2964 1031 3026 iurisiurandi
1048 2964 1230 3024 faciendum

166 3075 399 3152 promiserunt.
1092 3131 1094 3136 .

210 3179 326 3238 Postea
342 3196 417 3238 vero
436 3195 495 3255 ego
518 3183 548 3237 et
561 3177 695 3238 Karolus
718 3195 791 3236 eum
819 3174 1012 3254 quibusdam
1033 3161 1233 3234 ‘exercitibus

131 3331 133 3335 ,
169 3283 291 3344 nostris
307 3282 444 3342 altlavio
460 3281 663 3342 discedentes
677 3300 734 3361 per
750 3280 942 3341 Gasconiam
956 3285 987 3338 et
1001 3279 1150 3340 Tolosam
1162 3285 1233 3340 ten-

171 3389 284 3449 dentes
309 3388 468 3448 Arelatem
493 3388 704 3466 perreximus,
731 3386 775 3446 ibi
799 3404 875 3446 vero
890 3386 1072 3446 invenimus
1087 3385 1233 3463 Bnrgun—

172 3495 305 3554 dionum
323 3493 481 3554 exercitus
495 3493 548 3572 qui
565 3492 687 3552 anobis
703 3492 734 3551 in
755 3491 853 3552 Hosta
865 3491 946 3550 valle
963 3490 1188 3564 discesserant,
1204 3497 1235 3551 et
1316 3503 1317 3507 ’

171 3617 230 3678 per
240 3597 417 3676 Morlanum
430 3603 461 3656 et
476 3597 624 3658 Tolosam
641 3602 794 3656 venerant
806 3614 879 3656 cum
896 3595 1030 3656 mortuis
1044 3595 1110 3654 suis
1124 3601 1155 3654 et
1170 3594 1235 3654 vul-

173 3703 304 3774 neratiS,
321 3721 401 3780 quos
418 3701 543 3761 lectulis
560 3707 591 3760 et
600 3693 688 3778 'bigis
704 3718 813 3760 secum
829 3699 904 3759 illuc
919 3698 1120 3758 adduxerant
1133 3697 1173 3758 ad
1188 3715 1235 3757 se-

172 3810 359 3891 peliendum
375 3828 430 3870 eos
446 3810 476 3868 in
490 3808 646 3869 cimiterio
662 3808 694 3868 in
709 3807 786 3867 Ailis
802 3806 935 3885 campis,
952 3806 1060 3885 inquo
1076 3805 1233 3864 cimiterio
1319 3859 1320 3863 ,

174 3925 251 3978 ωηο
262 3934 320 3996 per
335 3933 449 3976 manus
465 3920 592 3974 nostras
607 3913 778 3992 sepulturae
790 3911 959 3971 traduntur
972 3910 1113 3970 Estultus
1126 3927 1234 3969 comes

173 4020 385 4100 lingonensis,
402 4025 433 4079 et
451 4018 613 4090 Salomon,
630 4022 661 4077 et
681 4015 804 4076 Sanson
821 4015 886 4075 dux
901 4014 1179 4092 burgundionum,
1203 4018 1235 4073 et

162 4125 333 4188 ‘Arnaldus
349 4125 388 4184 de
403 4123 566 4194 Bellanda,
585 4127 616 4182 et
638 4118 805 4180 Alberious
826 4117 1020 4196 burgundio,
1041 4117 1232 4192 Guinardue,
